2209 3892
236 305 271 371 ὀρ
429 302 841 359 Arn11Truutu1

175 517 176 520 ,
236 474 323 530 Pavit
340 481 368 528 et
384 474 503 529 Admeti
520 483 620 528 tauros
639 474 783 528 formosus
802 472 932 543 Apollo;

197 572 202 581 ⁹
258 598 262 603 “
302 588 371 644 Neo
389 588 517 656 eithara,
535 588 659 642 intonsae
677 589 891 658 profueruntve
909 580 1028 643 comae.

174 738 176 743 ,
236 705 306 761 Nec
322 707 415 776 potuit
432 719 517 758 curas
534 707 632 759 sanare
650 704 812 758 salubribus
829 704 948 759 herbis:

305 816 455 893 Quidquid
473 826 534 872 erat
550 819 681 872 medicae
699 819 810 873 vicerat
828 819 896 872 artis
915 835 1011 875 amur.

238 937 300 1008 lpse
318 937 405 991 Deus
423 938 520 1000 solitus
538 937 654 1022 stabulis
673 938 823 1008 expellere
840 954 949 1001 vaccas
996 939 1027 989 15

302 1053 342 1108 Et
359 1061 462 1139 potum
479 1054 571 1124 pastas
589 1053 697 1106 ducere
716 1053 894 1107 fluminibus,
939 1071 944 1077 ·

229 1134 317 1223 *Tum
335 1166 439 1222 fiscella
456 1168 514 1221 levi
532 1167 650 1220 detexta
668 1167 707 1220 est
724 1167 832 1220 vimine
844 1168 948 1235 junci,

301 1283 440 1354 Raraque
458 1301 512 1354 per
528 1299 626 1336 nexus
643 1284 682 1336 est
699 1284 745 1336 via
764 1283 838 1336 facta
856 1285 931 1338 sero.

238 1399 266 1454 Ο
287 1400 443 1487 quotiens,
460 1398 510 1452 illo
528 1397 652 1451 vitulum
670 1397 794 1464 gestante
812 1414 867 1467 per
884 1413 972 1466 agros
982 1439 992 1465 ‚

302 1514 422 1568 Dicitur
439 1529 600 1567 occurrens
619 1513 762 1567 erubuisse
781 1515 878 1567 soror!
993 1516 1028 1585 20

238 1630 266 1686 O
287 1630 423 1701 quotiens
442 1632 541 1697 auiae,
559 1636 677 1682 caneret
695 1646 787 1699 quom
804 1629 882 1682 valle
895 1629 946 1683 snb
960 1630 1026 1696 alta,

301 1746 453 1819 Rumpere
471 1747 583 1823 mugitu
601 1747 730 1800 cannina
747 1746 833 1799 docta
850 1745 959 1800 boves!

236 1840 331 1931 Saepe
349 1828 439 1912 duces
457 1859 575 1930 trepidis
592 1860 701 1929 petiere
720 1861 838 1913 oracula
856 1860 964 1927 rebu8‚

303 1973 391 2028 Venit
408 1981 436 2026 et
454 1992 470 2027 a
486 1974 603 2044 templis
621 1975 699 2028 irrita
716 1973 802 2027 turba
818 1973 951 2027 domum.

209 2102 211 2106 '
238 2088 588 2162 Saepehorrere'sacros
606 2091 697 2144 doluit
713 2089 826 2145 Latona
843 2080 976 2160 capillos³
993 2091 1026 2141 25

305 2200 392 2280 Quos
410 2205 548 2288 admirata
567 2207 606 2259 est
622 2188 678 2277 ipsa
695 2223 826 2261 noverca
843 2206 938 2276 priusae

230 2310 382 2399 Quisquis
400 2306 626 2393 inornatumque
652 2330 739 2394 caput
768 2303 1024 2391 ennesquesota„

639 2446 686 2492 tos

305 2548 498 2626 Adspiceret,
522 2551 640 2607 Phoebi
654 2559 814 2622 quaereret
830 2551 877 2605 ille
896 2552 1024 2605 comam.

239 2669 338 2724 Delos
355 2660 407 2722 ubi
423 2660 519 2737 mino,
546 2666 692 2734 Phoebe,
719 2667 850 2720 tuaest?
878 2665 929 2718 ubi
946 2662 1025 2718 Det-

479 2772 483 2781 ’
639 2783 725 2853 phica
742 2779 880 2851 Python?

305 2894 423 2969 Nempe
442 2899 538 2951 Amor
554 2897 584 2951 in
598 2912 688 2968 parva
700 2903 727 2949 te
734 2894 821 2963 jubet
833 2893 888 2947 effe
902 2895 974 2949 oasa.
991 2893 1025 2945 30

239 3015 352 3070 Felices
369 3017 458 3082 olim,
481 3014 590 3068 Veneri
609 3029 701 3083 quom
718 3014 809 3090 fertur
828 3020 926 3081 aperte

306 3129 422 3184 Servire
441 3138 576 3185 aeternos
592 3146 653 3184 non
671 3124 799 3201 puduiffe
816 3125 914 3180 Deos·
