2209 3892
259 298 581 356 'Eumaeum
614 298 721 367 11‚3.
852 294 885 361 61

91 466 203 523 Fabula
233 482 315 520 nunc
337 464 384 521 ille
411 466 459 521 est.
510 466 566 520 Sed
591 465 610 519 [ι
637 466 684 521 cui
707 482 779 525 cura
800 466 884 536 puel-

508 582 573 651 lae,
617 614 620 619 ,

158 698 271 753 Fabula
305 697 363 764 fit,
396 698 536 767 mavult,
570 713 659 767 quam
691 696 750 751 fine
784 713 885 751 amore

507 812 606 866 Deus.

96 932 137 987 At
152 931 221 1000 tibi,
258 930 333 985 dura
351 929 443 984 Ceres
451 968 461 997 ,
496 927 637 984 Nemesm
655 946 730 999 quae
749 928 830 983 ducis
849 928 885 985 ab

498 1042 596 1110 urbe,
852 1046 886 1097 35

163 1159 318 1215 Persolvat
334 1158 412 1212 nulla
430 1157 536 1212 semina
554 1167 632 1212 terra
650 1157 719 1212 fide!

93 1275 135 1331 Et
152 1283 203 1343 tu,
220 1275 341 1329 Bacche
358 1283 459 1344 tener,
479 1274 628 1344 jucundae
647 1273 775 1329 confitor
791 1291 884 1342 uvae,

139 1368 213 1444 ¹Tu
242 1406 362 1461 quoque
394 1390 543 1456 devotos,
577 1388 717 1456 Bacche,
750 1389 884 1460 relinque

498 1504 597 1557 lacus!

95 1620 181 1675 Haud
199 1619 319 1689 impune
336 1618 405 1673 licet
420 1619 563 1672 formosas
580 1617 704 1670 tristibus
723 1615 798 1684 agris

160 1732 307 1789 Abdere:
342 1747 404 1784 non
428 1730 497 1784 tanti
520 1731 583 1785 sunt
607 1736 656 1785 tua
684 1730 775 1785 musta
787 1768 798 1799 ,
831 1748 885 1804 pa·
918 1800 922 1809 ι

499 1852 554 1901 ter.
851 1843 886 1902 llo

99 1963 125 2019 Ο
144 1965 265 2018 valeant
281 1963 380 2031 fruges
390 2002 400 2030 ,
417 1926 455 2017 rre
472 1960 525 2016 fint
539 1962 632 2017 modo
650 1978 719 2015 rure
736 1962 849 2033 puellae
856 1981 874 2031 γ

163 2077 260 2134 Glans
279 2077 351 2144 alat,
369 2084 398 2129 et
415 2076 507 2148 prisco
523 2093 609 2131 more
626 2076 763 2131 bibantur
780 2093 884 2148 aquae.

98 2193 194 2252 Glans
223 2192 294 2248 aluit
320 2202 456 2261 veteres,
490 2203 519 2247 et
540 2194 776 2264 paffim,semper
801 2210 884 2247 ama-

506 2318 585 2366 runt.

166 2423 247 2499 Quid
263 2425 364 2480 nocuit
380 2426 474 2480 sulcos
492 2441 552 2480 non
570 2423 699 2481 habuisse
716 2426 811 2481 satos?

97 2538 205 2608 Tum,
240 2539 347 2611 quibus
378 2540 536 2611 adspirabat
569 2541 689 2607 Amor,
723 2538 884 2610 praebebat

499 2662 597 2726 aperte
850 2647 884 2707 45

165 2767 249 2824 Mitis
266 2770 295 2822 in
312 2768 448 2825 umbrosa
464 2771 567 2839 gaudia
583 2770 660 2824 valle
677 2768 790 2823 Venus.

99 2879 211 2938 Nullus
246 2891 307 2938 erat
335 2884 448 2950 eustos,
481 2884 562 2937 nulla
595 2882 749 2937 exclusura
779 2879 884 2934 dolen-

498 3002 543 3049 tes

167 3107 273 3167 Janue.
308 3112 336 3168 si
358 3112 401 3167 fas
424 3111 481 3178 est,
508 3123 577 3165 mos
602 3125 711 3183 precor
734 3109 782 3165 ille
808 3109 882 3165 redit
