2209 3892
271 246 592 312 Euenum
623 254 659 322 1,
692 259 741 314 9.·
859 257 894 316 39

102 419 218 476 Frustra
229 417 294 488 jam
310 417 425 486 vestes,
441 418 543 475 frustra
559 426 710 474 mutentur
725 420 864 491 amiam,

171 537 308 608 Ansaque
325 536 506 608 compressos
523 537 632 606 colligit
650 544 730 593 arcta
746 538 848 611 pedes.

104 653 171 726 Ipsa
185 654 299 724 placet,
326 652 463 723 quemvis
479 653 588 709 inculto
605 653 720 709 venerit
736 670 790 710 ore
798 694 810 724 ,
862 657 894 709 ts
911 618 915 625 .

141 794 147 799 ·
170 767 239 824 Nee
255 768 379 824 nitidum
394 768 474 825 tarda
492 770 626 824 eomserit
642 778 703 825 erte
720 779 816 841 caput.

105 883 189 939 Num
205 890 234 937 te
252 879 450 950 carminibus,
477 898 551 937 num
574 890 602 936 te
624 883 804 954 pollentibus
818 882 890 939 her·

506 995 552 1051 bie
578 988 600 1024 ⁸

169 1113 307 1170 Devovit
323 1112 409 1168 tacito
426 1120 562 1184 tempore
579 1114 675 1168 noetis
692 1116 784 1171 anus?

105 1227 216 1282 Cantus
233 1227 338 1283 vicInis
353 1228 453 1297 fruges
470 1226 592 1282 traducit
608 1227 645 1281 eb
663 1229 756 1297 agris,

172 1342 283 1397 Cautus
300 1351 331 1397 et
346 1343 434 1397 iratae
453 1342 562 1396 detinet
578 1345 679 1411 anguis
695 1343 759 1397 iter.
858 1347 892 1399 20

103 1455 217 1515 cantus
234 1466 264 1514 et
279 1475 296 1512 e
314 1475 404 1513 curru
421 1457 538 1517 Lunam
554 1454 701 1515 deducere
717 1464 824 1530 tentat3

169 1571 212 1628 Et
227 1573 353 1641 feceret,
377 1572 397 1627 fi
414 1588 474 1629 nou
493 1588 562 1631 aeta
578 1574 692 1644 repulsa
707 1575 818 1627 sonent.

106 1691 186 1767 Quid
204 1708 334 1764 queror,
367 1693 446 1764 heu,
480 1690 588 1748 misero
605 1708 726 1747 carmen
742 1693 890 1749 nocuisse?

507 1809 578 1881 quid
594 1808 726 1865 herbae?

109 1958 118 1988 e
170 1925 279 1982 Forma
294 1926 366 1982 nihil
382 1927 502 1997 magieis
518 1929 608 1983 utitur
623 1928 749 1983 auxiliis.

105 2042 162 2098 Sed
192 2058 303 2116 corpus
330 2041 446 2112 tetigisse
475 2052 586 2112 nocet,
637 2044 685 2099 sed
717 2034 804 2114 leriga
824 2045 890 2100 'de—

508 2160 575 2214 disse
648 2160 650 2165 ’
703 2164 705 2173 “
860 2163 893 2213 25

171 2273 297 2342 Oscula,
313 2271 363 2328 sed
379 2272 486 2328 femori
503 2275 672 2329 conseruisse
690 2275 797 2329 femur.

104 2386 173 2444 Nee
189 2394 222 2442 tu
238 2386 360 2443 difficilis
377 2403 472 2460 puero
489 2354 588 2445 tauten
605 2388 660 2444 eii'e
676 2397 830 2444 memento
834 2406 845 2458 ;

170 2502 359 2576 Persequitur
375 2504 479 2574 poenis
496 2504 581 2560 tn‘iiia
597 2505 800 2561 facta·Vemes.

104 2616 236 2675 Munere
251 2635 308 2674 nee
330 2620 431 2693 poscas
441 2638 453 2691 3
473 2618 533 2675 ·det
556 2636 678 2678 munera
701 2634 791 2676 canus
809 2636 896 2674 amec

506 2749 574 2805 tor,

171 2849 213 2909 Ut
229 2812 330 2906 seveas
346 2850 429 2905 moiii
445 2848 548 2923 ¹su'gidu
563 2849 700 2905 membra
717 2847 788 2902 sinu.
822 2862 824 2866 ·
847 2850 894 2915 ,30

107 2962 213 3020 Carior
230 2964 269 3018 est
285 2978 357 3019 auro
369 2964 511 3034 Juvenie,
528 2963 575 3016 eui
590 2961 684 3015 laevia
701 2960 812 3030 fulgent
893 2980 901 2991 ··

175 3077 257 3149 Ora,
274 3096 331 3135 nec
349 3077 502 3148 amplexus
517 3075 626 3149 hispida
642 3071 734 3131 ba'rba
751 3062 835 3130 terit.¹
934 3102 936 3104 v
