2209 3892
417 287 425 297 ,
701 257 719 292 0

281 333 600 394 Enneinnuna
634 339 694 407 ΙΙ,
727 343 755 394 5.
895 340 928 398 67

132 499 222 567 Heu,
259 499 429 573 quicunque
450 500 529 556 dedit
549 503 676 557 fonnem
697 504 829 559 caelestis
854 523 926 561 ava-

536 636 606 688 rae,
894 626 927 675 35

99 767 107 784 e
202 732 282 807 Qua}
373 750 425 789 um
438 735 537 790 multis
557 735 663 792 abdidit
675 738 724 792 iile
741 738 842 793 malis!

117 848 209 925 'Hine
236 847 319 902 rixae
351 849 497 920 fletusque
523 851 646 917 sonuum
686 831 763 907 liaec
796 852 924 924 deniqne

537 965 631 1020 caussa

197 1076 295 1148 Fecit,
312 1085 345 1134 ut
359 1078 473 1133 infamis
486 1077 525 1133 fic
537 1077 625 1134 Deus
645 1080 714 1134 effet
725 1082 832 1136 Amor.

128 1194 173 1248 At
188 1193 259 1262 tibi,
277 1211 353 1265 quae
374 1196 468 1266 pretio
487 1196 582 1251 victos
602 1197 736 1253 excludis
755 1208 885 1254 amantes
895 1241 905 1267 ,

197 1308 346 1380 Diripiant
356 1300 452 1379 p'artas
468 1317 575 1365 ventus
592 1320 621 1366 et
633 1313 706 1382 ignis
721 1330 806 1385 opes.
889 1307 924 1368 do

132 1420 214 1496 Quin
230 1431 279 1477 tua
298 1431 361 1478 tum
372 1424 501 1492 juvenes
523 1426 652 1496 spectent
669 1426 800 1479 incendia
821 1426 904 1494 laeti,

196 1538 265 1594 Nec
275 1541 433 1612 quisquam
443 1542 578 1596 flammae
588 1542 703 1597 sedulus
713 1543 921 1614 addataquam.

128 1655 188 1709 Seu
200 1653 363 1711 veniaatibi
373 1672 457 1711 mors
462 1676 474 1726 3
491 1657 628 1722 uenerit,
646 1657 697 1726 qui
706 1659 815 1725 lugeat,
832 1658 922 1725 ullus,

194 1768 265 1824 Nec
280 1770 332 1840 qui
347 1770 396 1823 det
408 1768 535 1822 moestas
554 1773 663 1824 munus
679 1769 707 1822 in
724 1773 878 1841 exequias.

127 1884 169 1938 At
185 1884 270 1938 bona
288 1900 363 1955 quae
379 1899 436 1938 nee
459 1899 546 1937 avara
563 1885 635 1954 fuit,
653 1893 772 1939 centum
786 1885 854 1940 lieet
867 1902 920 1940 an-

530 2013 587 2052 nos
885 2000 921 2050 ds

194 2113 311 2168 Vixerit
318 2153 330 2181 ,
347 2112 498 2167 ardentem
515 2112 632 2166 flebitur
644 2122 709 2166 ante
729 2129 846 2182 rogum.

126 2228 228 2298 Atque
242 2226 345 2297 aliquis
360 2229 467 2304 seniuiq
485 2234 602 2279 veteres
617 2235 776 2314 veneratus
788 2241 919 2294 amores,

192 2345 302 2398 Annua
321 2342 487 2397 constructo
506 2343 579 2396 serta
594 2342 672 2397 dabit
687 2344 802 2396 tumulo
807 2361 818 2413 3

125 2454 177 2521 Et,
195 2455 291 2523 Bene,
310 2456 463 2510 discedens
480 2454 568 2522 dicet,
585 2455 758 2525 placideque
776 2457 917 2525 quiescas,

194 2570 351 2641 Terraque
369 2572 488 2624 securae
503 2568 535 2624 fit
551 2537 638 2642 super
655 2570 713 2625 offa
724 2569 812 2624 levis!
883 2573 919 2625 50

126 2682 206 2738 Vera
225 2683 346 2754 quidem
368 2699 499 2752 mone03
528 2683 577 2738 sed
602 2683 720 2754 prosunt
746 2683 816 2755 quid
844 2684 919 2738 mihi

526 2796 620 2857 vera?

174 2963 177 2968 ⁴
195 2914 280 2968 Illius
294 2914 333 2968 est
349 2914 436 2969 nobis
451 2915 515 2982 lege
530 2913 674 2969 colendus
685 2928 787 2974 amor.

125 3028 315 3104 Quinetiam
331 3029 412 3085 sedes
424 3029 529 3099 jubeat
543 3027 563 3082 fi
579 3028 713 3081 vendere
724 3029 832 3098 avitas3

194 3145 239 3199 Ite
257 3143 308 3198 sub
322 3144 497 3216 imperium,
517 3141 569 3196 iub
583 3141 775 3218 titulumque,
793 3141 900 3198 Lares!
