2209 3892
342 290 542 348 Euroia
575 289 614 348 V.
824 296 874 354 129

89 449 160 513 -Nec
206 471 261 510 nos
318 458 471 527 sacrilegos
519 455 637 529 templis
689 454 873 512 admovimus

392 625 395 632 ,
486 588 569 642 ignes
575 591 586 642 3

92 745 96 754 ,
157 685 223 751 Nec
241 708 294 747 cor
308 675 459 745 sollicitant
475 688 534 743 ulla
551 688 676 745 nefanda
693 704 814 758 meum5

85 784 159 878 ⁸‘Nec
173 819 246 872 noe,
271 804 384 858 insanae
402 802 575 857 meditantes
586 802 681 872 Jurgia
698 801 833 871 linguae,

155 915 245 989 Impia
261 918 293 972 in
311 917 447 973 adversos
465 917 606 971 solvimus
623 933 676 971 ora
692 916 791 970 Deos.

97 1027 132 1085 Et
145 1032 275 1087 nonduin
292 1032 357 1087 cani
372 1032 473 1101 nigros
489 1033 597 1087 laesere
615 1030 759 1103 capill083
842 1029 875 1083 15

109 1211 112 1216 q
154 1144 221 1201 Nec
237 1148 319 1202 venit
334 1148 417 1202 tardo
435 1164 527 1203 curva
549 1148 671 1202 Senecta
688 1146 775 1218 pede.

96 1256 225 1317 Natalem
241 1264 330 1324 nostri
344 1264 474 1336 primum
490 1264 590 1319 videre
608 1273 760 1335 parentes,

156 1382 258 1457 Quom
275 1384 379 1442 cecidit
394 1385 453 1439 fato
470 1384 571 1440 consul
587 1392 712 1454 uterquc
728 1382 801 1454 pari.

98 1491 170 1568 Quid
186 1498 320 1553 fraudare
330 1485 418 1568 ¹juvat
433 1500 524 1554 vitem
542 1497 738 1553 crescentibus
754 1497 842 1553 uvis?

31 1619 33 1630 ’
98 1681 100 1686 Ι
153 1608 193 1689 Et
219 1612 312 1668 modo
338 1620 405 1669 nata
435 1612 514 1667 mala
542 1611 655 1665 vellere
690 1625 779 1681 poma
810 1626 875 1664 ma-

492 1724 556 1780 uu?
844 1726 878 1777 20

31 1887 32 1894 ,
97 1834 227 1909 Parcite,
251 1840 394 1912 pallentes
411 1839 503 1895 undas
521 1839 690 1911 quicunque
707 1822 829 1906 t‘enetiS,

155 1959 304 2032 Duraque
323 1960 409 2015 sortiti
424 1960 509 2015 tertia
525 1977 616 2031 regna
631 1960 704 2016 Dei!

97 2072 202 2147 Elyfios
221 2078 293 2132 olim
310 2077 395 2132 liceat
410 2079 588 2145 cognoscere
606 2093 747 2148 campoS,

155 2189 379 2265 Lethaeamque
409 2201 526 2261 ratem,
568 2192 803 2264 Cimmeriosque
832 2195 877 2248 la-

492 2322 563 2364 cus:

96 2417 193 2497 Quom
209 2443 278 2480 mee
296 2426 398 2495 rugosa
414 2425 566 2498 pallebunt
581 2442 633 2479 ora
650 2427 780 2493 senecta,
845 2428 879 2480 25

47 2523 58 2614 ’θ
154 2506 193 2595 lle
210 2545 340 2597 referam
356 2544 456 2615 pueris
471 2552 607 2615 tempora
624 2543 714 2615 prisca
731 2546 828 2599 senex.

93 2648 187 2724 Atque
204 2657 317 2712 utinam
334 2671 415 2720 vano,
433 2656 634 2728 nequidquam
655 2666 767 2712 terrear
785 2658 876 2713 aestu!

152 2764 308 2836 Languent
323 2778 370 2821 ter
385 2743 492 2839 quinos
509 2770 558 2825 sed
574 2784 640 2825 mea
654 2741 791 2824 membra
804 2770 877 2825 dies.

94 2874 131 2931 At
156 2880 244 2936 vobis
281 2880 394 2938 Tuscae
428 2883 617 2940 celebrantur
651 2885 772 2939 numina
801 2885 880 2954 lym-

490 2997 590 3067 phae,

153 3107 194 3166 Et
211 3111 302 3168 facilis
319 3112 398 3168 lenta
414 3111 531 3185 pellitur
547 3113 625 3169 unda
641 3130 741 3169 mauu.
847 3114 881 3169 30

659 3232 678 3288 9
