2209 3892
216 330 251 383 ἕο
407 321 819 382 AnarrssTrnunnr

216 494 281 551 Illic
296 495 498 568 perculliaque
517 496 600 566 genis
616 497 739 569 ulloque
756 496 863 569 capillo

281 610 371 666 Errat
388 610 423 665 ad
439 609 583 667 obscuros
600 612 706 682 pallida
724 611 811 667 turba
827 611 921 665 lacus.

173 777 175 780 Α
218 725 317 800 Quam
335 725 433 798 potius
455 726 617 781 laudandus
641 726 691 781 hic
713 727 772 794 est,
807 743 899 798 quem
922 728 1011 801 prole

616 845 716 910 parata

275 954 418 1027 ,Occupat
434 956 464 1010 in
481 971 571 1027 parva
587 955 669 1026 pigra
686 957 798 1010 senecta
815 957 893 1011 casa!
975 946 1010 1011 40

214 1071 277 1144 Ipse
295 1073 361 1127 suan
375 1073 500 1127 sectatur
517 1087 610 1140 ovea,
626 1080 656 1126 aa
672 1069 748 1127 lilius
766 1087 870 1142 agnos;

280 1184 320 1243 Et
336 1187 459 1243 calidam
477 1187 547 1243 feffo
566 1196 719 1260 comparat
734 1203 816 1243 uxor
832 1205 952 1261 aquam.

214 1302 262 1358 Sic
279 1318 335 1372 ego
353 1301 426 1370 lim,
449 1301 595 1374 liceatque
613 1311 701 1374 caput
717 1303 890 1359 candescere
903 1305 1008 1375 canis,

278 1415 439 1489 Temporis
457 1423 486 1470 et
502 1417 585 1488 prisci
602 1417 677 1471 facta
694 1418 807 1471 referre
824 1384 934 1474 lencm.

214 1531 332 1586 Interea
343 1530 411 1587 Pax
424 1546 493 1585 arva
505 1530 597 1585 colat.
615 1530 683 1586 Pax
694 1526 814 1586 candida
826 1520 957 1604 prim'r‘am
974 1526 1008 1598 45

281 1647 378 1704 Duxit
396 1653 529 1702 araturos
545 1645 597 1703 sub
607 1648 680 1718 juga
695 1646 794 1719 panda
807 1646 916 1706 boves.

212 1764 280 1821 Pax
297 1765 367 1820 aluit
382 1766 476 1834 vites,
502 1773 530 1820 et
547 1767 652 1820 staccos
669 1765 797 1824 condidit
812 1783 907 1836 uvae,

279 1878 429 1935 Funderet
443 1887 476 1933 ut
492 1887 562 1935 nato
579 1881 648 1935 tella
665 1881 786 1953 patern'a
803 1898 934 1943 merum»

213 2005 292 2064 Pace
309 2006 416 2062 bidens
434 2022 601 2078 vomerque
619 2006 731 2076 vigent:
751 2017 780 2063 at
795 2007 879 2062 tristia
897 2006 962 2061 duri

280 2119 385 2175 Militis
401 2120 430 2175 in
446 2119 575 2175 tenebris
593 2129 720 2192 occupat
737 2137 818 2176 arma
834 2119 914 2176 litus.
972 2123 1007 2175 50
1095 2098 1096 2137 ἶ

213 2226 349 2291 Rusticus
369 2243 398 2291 et
413 2235 482 2291 luco
499 2234 616 2291 revehit
631 2236 709 2290 male
726 2235 838 2292 sobrius
855 2235 913 2306 ipse

281 2351 419 2407 Uxorem
435 2351 561 2424 plaustro
579 2352 812 2424 progeniemque
830 2350 967 2405 domum.

214 2465 272 2521 Sed
293 2464 418 2522 Veneris
440 2474 505 2521 tum
526 2454 605 2522 bella
627 2465 723 2521 calent
730 2485 742 2536 3
773 2464 927 2536 scissosque
953 2480 1005 2519 cas

615 2579 703 2651 pillos

279 2694 419 2766 Femina,
445 2699 607 2771 perfractas
625 2697 877 2770 conqueriturque
894 2696 988 2750 fores.

212 2808 277 2868 Flet
293 2818 411 2866 teneras
427 2808 538 2868 subtusa
554 2828 660 2882 genas3
677 2812 726 2872 sed
742 2811 840 2866 victor
853 2817 883 2864 et
896 2809 954 2881 ipse
971 2806 1005 2860 55

278 2925 360 2995 Flet,
385 2925 436 2989 libi
453 2927 606 2982 dementes
623 2934 683 2981 tam
700 2926 818 2981 valuiffe
835 2936 953 2979 manus.

213 3039 254 3097 At
270 3041 396 3098 lascivus
413 3043 512 3105 Amor
527 3044 610 3099 rixae
628 3043 705 3098 mala
720 3041 814 3097 verba
829 3041 986 3108 ministrat,

280 3152 364 3213 Inter
381 3154 411 3213 et*
422 3160 534 3223 iratum
548 3157 646 3217 lentus
659 3156 819 3231 uirumque
835 3153 925 3212 sedet.
