2209 3892
221 276 240 332 6
408 272 848 333 AnnrrTrnnrur'

221 440 268 498 Te
285 438 396 495 bellare
414 440 501 493 decet
516 410 615 506 terra,
633 436 775 506 Messala,
792 438 945 510 marique,

288 554 328 612 Ut
345 557 451 611 domus
468 554 588 610 hostiles
603 558 749 627 praeferat
766 557 900 611 exurias.

204 673 207 680 ’
221 671 278 732 Me
291 674 416 729 retinent
427 674 559 728 vinctum
572 673 716 729 formosae
728 672 824 729 vincla
836 672 965 745 puellae,
979 672 1016 733 55

254 783 256 789 ’
289 788 430 875 Essedon
448 788 537 843 duras
547 789 659 863 janitor
676 799 741 842 ante
759 789 850 845 sores.

222 905 296 963 Non
313 922 369 976 ego
385 902 497 961 landari
515 908 605 962 curo!
630 906 704 961 Mea
723 905 829 974 Delia,
846 906 949 961 tecum

289 1018 467 1076 Dummodo
492 1019 561 1090 sim,
598 1023 722 1093 quaeso,
757 1021 850 1090 segnis
873 994 1016 1094 inersque

626 1156 731 1194 voces.

222 1255 268 1316 Te
286 1260 426 1331 spectem,
442 1262 577 1332 suprema
595 1258 667 1313 mihi
685 1275 778 1329 quom
795 1260 911 1314 venerit
926 1259 1017 1329 hora3

155 1420 158 1424 ι
222 1436 224 1441 ,
289 1376 335 1433 Te
353 1386 471 1433 teneam
487 1379 619 1434 moriens
638 1378 790 1433 deficiente
807 1395 909 1434 manu.
982 1375 1020 1432 do

223 1490 321 1550 Flebis
339 1502 368 1548 et
386 1495 484 1547 arsuro
502 1491 645 1564 positum,
663 1509 732 1548 mea
748 1493 856 1562 Delia,
872 1494 969 1563 lecto,

290 1610 433 1666 Tristibus
452 1618 481 1664 et
496 1610 625 1664 lacrimis
643 1611 740 1664 oscula
756 1611 849 1664 mixta
867 1609 960 1666 dabis.

223 1728 338 1795 Flebis3
361 1748 423 1784 non
440 1738 488 1783 tua
506 1731 570 1785 sunt
586 1730 662 1784 duro
678 1728 851 1800 praecordia
868 1731 949 1786 serro

289 1846 413 1916 Vincta,
430 1865 487 1903 nec
505 1850 535 1903 in
552 1857 656 1903 tenero
674 1850 724 1903 ssat
740 1849 791 1904 tibi
808 1851 898 1905 corde
916 1849 1001 1910 filex.

224 1964 283 2020 Illo
300 1980 360 2017 non
372 1964 490 2033 juvenis
508 1964 615 2035 poterit
632 1966 667 2019 de
686 1942 789 2019 sunere
807 1965 965 2034 quisquam
983 1962 1021 2019 6⁵
1045 2010 1047 2016 A

291 2080 437 2146 Lumina,
454 2095 514 2134 non
531 2080 634 2149 virgo,
658 2078 733 2135 ficca
752 2081 861 2133 referre
878 2079 1020 2145 domum,

224 2192 275 2250 Tu
292 2194 402 2250 Manes
419 2212 456 2248 ne
474 2194 558 2249 laede
575 2210 662 2250 meos
669 2215 679 2263 3
698 2195 744 2250 sed
762 2210 850 2266 parce
867 2193 968 2251 solutis

293 2309 448 2376 Crinibus,
473 2316 502 2363 et
518 2310 645 2376 teneris,
661 2309 767 2377 Delia,
785 2326 872 2381 parce
890 2310 985 2378 genis·

228 2418 363 2494 Interea,
381 2427 451 2481 dum
469 2424 525 2481 fata
543 2426 653 2494 finunt,
670 2416 831 2497 jungamus
848 2442 984 2484 amores:

291 2539 363 2596 Jam
376 2540 474 2595 veniet
485 2540 615 2596 tenebris
624 2539 715 2595 Mors
728 2540 867 2612 adoperta
877 2550 974 2611 caput.
984 2522 1024 2595 to'

225 2649 294 2705 dam
313 2651 449 2723 subrepet
465 2652 544 2707 iners
563 2660 641 2707 aetas
647 2672 657 2720 3
676 2670 733 2706 nec
750 2668 848 2707 amare
867 2651 1001 2722 decebit,

291 2767 404 2822 Dicere
422 2785 478 2822 nec
496 2750 571 2821 cano
589 2766 740 2822 blanditias
759 2768 865 2838 capite.

225 2883 316 2945 Nunc
334 2885 408 2940 levis
426 2887 465 2940 est
482 2885 631 2939 tractanda
648 2883 769 2954 Venus,
793 2884 864 2939 dmn
882 2886 1018 2956 frangore

630 3001 727 3071 postes

290 3113 365 3172 Non
381 3114 489 3187 pudet,
507 3123 536 3170 et
552 3117 633 3172 rixas
650 3114 821 3170 conseruisse
832 3114 931 3187 juvat.¹
