2209 3892
251 318 572 376 Entellum
614 314 650 385 1,
682 317 741 376 ts
842 320 876 374 al

82 481 131 543 Te
148 491 246 555 tenet,
270 484 400 542 abantea
417 485 491 541 aliut
507 482 624 558 suspirat
641 497 778 553 aanorea,
843 478 878 537 35

150 601 193 658 Et
209 601 322 657 limulat
341 602 434 658 subito
452 601 632 665 wndoluiffe
650 605 749 670 caput.

86 712 126 772 At
140 714 216 771 mihi
232 715 404 770 servandam
421 715 543 771 credas!
565 713 640 770 Non
655 716 741 769 laeva
758 711 862 768 recuso

153 829 307 899 Verbera,
333 826 465 886 detrecto
488 844 550 886 nou
568 844 623 899 ego
640 829 737 885 vincla
754 830 877 902 pedum.

85 941 184 1004 Tumt
215 944 358 1019 „Procul
374 947 442 1003 hinc
461 942 549 1016 ablit,
578 946 711 1021 quiaquia
729 947 800 1004 colit
816 954 878 1002 arte

67 1034 71 1041 ’
499 1062 644 1139 capillos,

152 1176 224 1249 „Et
240 1178 303 1235 aula
318 1176 407 1235 effuso
425 1176 473 1237 eui
488 1187 557 1250 toga
572 1178 640 1234 laxa
658 1178 730 1236 linu.
844 1171 879 1236 lo

58 1373 61 1385 Ι
85 1294 263 1373 „Quisquis
276 1299 305 1349 el
318 1301 467 1365 occurret,
483 1310 522 1348 ne
534 1294 618 1366 poffit
628 1295 743 1350 arianen
752 1292 877 1364 habere,

153 1418 246 1488 „Stet
272 1416 379 1490 procul
408 1425 498 1487 ante,
527 1416 582 1473 alia
604 1417 656 1472 llet
679 1414 786 1489 procul
813 1423 878 1471 ante

497 1528 590 1587 via!“

87 1644 135 1704 sic
151 1644 217 1703 lieri
228 1643 315 1719 jubet
331 1647 388 1721 ipse
404 1646 510 1703 Deus!
541 1644 590 1699 Sio
605 1661 711 1715 magna
727 1641 865 1701 sacerdos

150 1762 205 1820 Est
219 1764 292 1819 mihi
308 1764 409 1819 divino
426 1761 579 1817 vaticinata
595 1764 677 1819 sono.

86 1878 168 1937 llaec
204 1878 255 1937 ubi
290 1878 433 1937 Bellonae
469 1887 555 1935 motu
589 1879 629 1934 est
665 1878 789 1951 agitata,
823 1897 880 1938 nee

498 2012 599 2054 acrem
696 1994 705 2009 ⁹
845 1991 881 2051 45

153 2111 333 2187 Flammam,
349 2130 411 2172 non
429 2133 531 2174 amens
547 2114 675 2172 verbera
690 2125 769 2188 torta
785 2119 878 2174 timet.

89 2226 154 2303 Ipsa
168 2228 295 2302 bipenne
310 2229 379 2285 suos
395 2230 489 2285 caedit
503 2228 632 2286 violenta
649 2231 801 2299 lacertos,

155 2344 360 2417 Sanguineque
378 2347 466 2401 effuso
483 2345 586 2420 spargit
602 2346 691 2400 inulta
708 2344 821 2401 Deam.
857 2324 861 2331 ¹

90 2459 210 2534 Statque
228 2461 303 2517 latus
320 2458 452 2533 praelixa
468 2478 560 2532 reru,
578 2462 629 2518 ltat
646 2464 738 2518 lancia
756 2470 879 2539 pectu85

154 2573 197 2633 Et
218 2576 295 2633 canit
315 2554 461 2647 eventus,
497 2594 573 2651 quos
595 2578 665 2636 Dea
686 2578 793 2649 magna
808 2594 880 2635 mo·

499 2701 564 2750 net:
846 2696 882 2750 ⁵0

91 2799 220 2874 Parcite,
238 2820 328 2877 qnam
345 2803 466 2863 custodit
482 2806 592 2879 Amor,
608 2787 720 2864 riolare
737 2808 880 2880 puellam3

156 2918 207 2976 Ne
224 2904 321 2994 pigeat
335 2934 444 2993 niagno
461 2920 524 2994 poll
539 2922 665 2978 didicille
681 2922 778 2978 malo!

92 3029 248 3104 Attigeri83
265 3034 401 3093 labentur
417 3053 509 3109 opes,
525 3044 559 3092 ut
574 3032 697 3115 vulnere
715 3034 815 3093 nostro

157 3147 279 3221 Sanguis
287 3160 315 3221 ,ἶ
320 3161 353 3207 ut
368 3152 420 3208 hio
436 3151 532 3208 ventis
549 3149 742 3229 diripiturque
761 3153 848 3210 cirria!
