2209 3892
727 208 737 244 s

233 326 315 387 io'
423 336 579 388 ΛΜΗ
610 330 844 387 Treueri·

232 496 294 565 Et,
312 514 404 570 quom
422 499 531 552 furtivo
542 497 687 567 juvenem
703 497 846 552 lassaverit
862 499 912 552 usu
920 537 931 564 ‚
991 501 1024 551 55

297 613 415 668 Tecum
431 611 595 684 interposita
613 611 746 682 languida
762 612 841 666 veste
859 611 959 666 cubet.

233 726 358 799 Semper
375 725 428 780 fint
445 735 568 780 externa
584 734 635 782 tuo
653 726 766 795 vestigia
783 727 882 794 lecto,

297 839 338 895 Et
353 850 449 912 pateat
466 840 577 913 cupidis
594 843 709 913 semper
727 849 824 912 aperta
841 841 962 897 domus,
1000 867 1005 888 ·

231 958 300 1015 Nec
315 959 418 1014 lasciva
434 955 520 1014 soror
534 958 647 1014 dicatur
662 958 746 1030 plura
761 958 863 1014 bibisse

298 1074 431 1142 Pocula,
448 1077 497 1149 vel
515 1076 614 1147 piures
633 1074 784 1150 emeruisse
800 1075 895 1130 viros.
988 1073 1022 1130 60

231 1188 319 1246 Illam
336 1193 418 1262 saepe
437 1190 533 1244 serum
549 1189 685 1245 convivia
702 1152 810 1244 ddcere
827 1189 971 1258 Baccho,

298 1305 385 1364 Dum
401 1314 466 1361 rota
482 1305 611 1360 Luciferi
627 1319 773 1377 provocet
790 1311 855 1362 orta
871 1306 961 1361 diem.
1051 1327 1056 1336 ¹

143 1446 146 1450 ·
229 1419 287 1475 Illa
303 1418 382 1474 riulla
400 1426 489 1492 queat
504 1419 611 1473 melius
628 1420 800 1473 consumere
817 1427 956 1488 noctem,

295 1542 357 1594 Aut
373 1555 499 1610 operum
516 1538 613 1593 varias
629 1537 792 1609 disposuisse
808 1538 902 1593 vices.
1003 1533 1005 1538 ’

231 1658 272 1711 At
288 1634 339 1710 tua
354 1655 504 1728 perdidicit
508 1675 520 1726 5
537 1672 594 1709 nec
611 1664 659 1723 tu,
677 1654 848 1722 stultissime,
864 1655 969 1722 sentio,
986 1651 1019 1708 ὥ

299 1769 402 1843 Quom
420 1770 470 1823 tibi
487 1787 548 1823 non
565 1769 644 1824 solita
660 1785 769 1841 corpus
782 1769 818 1824 ab
831 1777 892 1825 arte
903 1776 1016 1825 movet.

229 1883 315 1940 Tune
333 1891 417 1954 putas
434 1882 585 1954 illampro
602 1891 631 1937 te
648 1883 804 1955 disponere
822 1884 918 1938 crines
927 1881 950 1952 ‚‘
1010 1948 1013 1951 p

201 2006 205 2013 '
226 2000 231 2009 '
297 1997 337 2054 Et
353 2009 456 2052 tenues
474 1999 561 2054 denso
578 2008 696 2070 pectere
714 2000 799 2053 dente
818 2001 942 2055 comas?

231 2112 285 2170 issa
302 2113 377 2167 haec
393 2114 544 2186 persuadet
561 2114 667 2182 saei'eS,
691 2132 823 2186 auroque
840 2115 968 2169 lacertos
1034 2112 1037 2116 ’
1097 2102 1098 2145 1

294 2227 425 2297 Vinciat,
450 2236 478 2282 et
494 2227 587 2300 Tyrio
605 2231 728 2300 prodeat
744 2239 809 2301 apta
826 2228 898 2284 finu.
983 2226 1016 2286 70
1097 2232 1098 2293 ζ

227 2342 301 2400 Non
317 2342 387 2412 tibi,
412 2343 460 2398 sed
478 2344 582 2413 juveni
600 2344 714 2398 cuidam
732 2344 796 2398 vult
810 2343 888 2398 bella
905 2342 1014 2411 videri,
1097 2342 1098 2351 ¹

293 2461 453 2515 Devoveat
486 2476 541 2531 pro
577 2478 636 2532 quo
671 2477 795 2531 remque
830 2460 1014 2532 domumque
1097 2482 1098 2521 t

625 2585 716 2632 tuam.

226 2695 295 2752 Nec
309 2698 377 2751 facit
387 2697 448 2751 'hoc
464 2698 533 2751 vitio
539 2717 551 2767 5
569 2697 615 2751 sed
630 2713 756 2768 corpora
769 2696 854 2751 foeda
867 2697 998 2769 podagra
1048 2727 1051 2733 ·

289 2805 329 2867 Et
346 2812 419 2867 senis
437 2812 591 2883 amplexus
609 2812 685 2865 culta
702 2811 799 2882 puella
816 2813 898 2880 fugit.

158 2899 160 2904 ¹
223 2925 298 2981 Huic
323 2936 420 2980 tamen
444 2912 697 2993 accubuitjnoster
721 2927 809 2996 puer!
843 2922 931 2978 Hunc
956 2942 1012 2994 ego

624 3038 742 3093 credam
979 3037 1013 3095 75

288 3150 365 3206 Cum
388 3154 520 3215 trucibus
531 3153 679 3217 Venerem
689 3153 816 3225 jungere
833 3153 913 3226 posse
926 3153 1012 3209 seris!
