2209 3892
208 308 243 366 30
385 288 813 363 'Arni-rmum

209 471 250 528 At
266 480 316 541 tu,
343 472 453 527 fallacis
471 468 604 542 conjunx
620 469 735 525 incaute
751 470 884 542 puellae,
927 520 931 528 ,
971 472 1004 523 15

274 586 331 642 Me
351 603 472 656 quoque
490 588 624 652 servato,
647 593 752 655 peccet
767 593 800 637 ut
816 583 865 638 illa
882 582 966 638 nihil.

208 700 258 758 Ne
270 702 398 770 juvenes
415 698 510 754 multo
528 697 660 752 celebret
676 700 828 767 sermone,
847 705 970 766 cavet03

275 814 363 870 Neve
382 811 471 868 cubet
487 814 558 868 laxo
576 823 680 885 pectus
697 821 797 884 aperta
814 812 884 867 finu.

210 928 281 990 Neu
297 937 326 983 te
345 929 469 1000 decipiat
484 937 575 996 nutu,
604 929 752 1000 digitoque
769 927 919 999 liquorem

275 1043 325 1099 Ne
336 1043 444 1111 trahat,
463 1052 492 1098 et
504 1045 619 1098 mensae
633 1020 761 1101 ilucatin
773 1042 848 1098 orbe
859 1051 958 1098 notas.
970 1044 1004 1097 20

210 1156 315 1214 Exibit
332 1172 422 1229 quam
440 1160 540 1229 saepe,
558 1158 628 1211 time
638 1158 720 1225 „seu
735 1157 827 1212 visere
844 1158 923 1212 dicet

276 1275 365 1333 Sacra
381 1274 496 1358 Borrae,
512 1273 646 1330 maribus
662 1289 725 1328 non
742 1273 887 1343 adeunda,
903 1274 1004 1332 Deae.

212 1393 254 1447 At
269 1392 341 1445 mihi
360 1390 379 1445 si
398 1391 518 1459 credas',
542 1389 623 1445 illam
641 1393 746 1461 sequar
761 1407 838 1446 unus
855 1390 891 1445 ad
910 1408 987 1447 aras.

278 1506 360 1561 Tum
376 1506 450 1560 mihi
466 1521 528 1560 non
545 1506 646 1560 oculte
658 1504 691 1559 fit
706 1504 826 1560 timuiffe
844 1505 930 1559 meis,

213 1623 324 1695 Saepe,
359 1624 441 1677 velut
467 1638 600 1692 gemmas
626 1616 690 1693 ejus
714 1621 864 1693 signumve
891 1621 1005 1694 proba-

624 1752 708 1804 rem,
972 1737 1007 1791 25

278 1853 340 1911 Per
353 1853 483 1909 oeuffam
498 1847 620 1909 memini
636 1871 687 1908 me
703 1855 822 1924 tetigiffe
839 1858 972 1910 manum.

212 1970 309 2042 Saepe
326 1978 413 2026 mero
430 1973 567 2026 somnum
583 1972 685 2043 peperi
700 1971 751 2026 tibi
758 1990 770 2042 3
799 1980 827 2027 at
842 1973 899 2043 ipse
916 1971 1005 2026 bibe·

615 2084 686 2142 bam

279 2200 383 2257 Sobria
399 2198 540 2274 supposita
557 2182 667 2273 poculo
683 2202 781 2258 victor
797 2220 883 2276 aqua.

214 2312 288 2371 Non
305 2333 361 2386 ego
378 2325 407 2371 te
424 2315 491 2382 laeti
508 2317 652 2388 prudens:
679 2318 794 2387 ignosce
812 2316 921 2373 fatenti.

277 2430 363 2486 Juffit
395 2432 502 2487 Amor.
555 2432 665 2486 Contra
703 2432 768 2503 quis
808 2432 904 2492 terat'.
922 2403 1008 2487 armo

619 2544 733 2602 Deos?
957 2551 1007 2619 „³0

212 2662 268 2721 Ille
286 2682 342 2735 ego
359 2664 433 2735 sum,
451 2682 507 2722 neo
522 2682 573 2721 me
584 2667 649 2737 jam
666 2664 765 2750 dicere
782 2682 855 2720 vera
870 2665 1007 2738 pudebit,

279 2781 406 2836 Instabat
422 2790 485 2837 tota
501 2784 549 2837 oui
566 2791 615 2835 tua
632 2792 720 2838 nocte
738 2782 830 2837 oanis.

216 2896 297 2972 Quid
313 2905 414 2951 tenero
438 2897 489 2952 tibi
512 2897 638 2966 conjuge
662 2890 758 2967 opus?
791 2894 859 2952 Tua
882 2894 903 2950 sr
926 2895 1008 2952 bona

222 3012 241 3065 1
308 3050 312 3055 ·
624 3015 716 3091 neseis

279 3130 405 3187 Servare
413 3168 424 3202 ,
442 3131 481 3187 ah
499 3133 602 3192 tmstra
613 3118 710 3187 'clavis
726 3131 797 3189 inest
813 3130 938 3191 toribus.
978 3152 980 3159 ’
