2209 3892
268 295 587 356 nummu
620 297 657 367 1,
689 300 718 353 3.
859 301 892 353 13

99 454 186 515 Num
203 459 425 533 feror'incestus
442 459 523 515 sedes
540 460 633 516 adiisse
651 459 809 530 Deorum,

165 574 311 646 Sertaque
328 576 364 628 de
381 576 483 630 sanctis
500 575 642 647 diripuisse
660 576 759 632 focis?
794 601 797 607 ·
853 553 857 562 Ι

98 686 174 746 Non
191 707 260 759 ego,
277 689 298 743 fi
314 691 410 744 merui
418 730 429 758 ,
446 688 577 746 dubitem
594 691 795 763 procumbere
811 698 890 749 tem-

503 809 577 880 plis,
611 793 614 800 ¹

165 919 208 976 Et
224 919 426 979 daresacratis
444 919 541 978 oscula
557 920 703 980 liminibus
708 944 720 996 3
854 928 889 981 20

99 1036 173 1092 Non
191 1053 248 1107 ego
264 1028 401 1094 tellurem
418 1039 540 1109 genibus
557 1055 716 1112 perrepere
733 1040 872 1112 supplex,

164 1149 206 1206 Et
220 1152 358 1206 miserum
374 1156 470 1207 sancto
486 1122 609 1207 tundere
627 1153 705 1224 poste
723 1162 821 1225 caput.

100 1264 142 1345 At
155 1272 207 1334 tu,
226 1267 277 1337 qui
292 1266 385 1323 laetus
401 1267 479 1322 rides
495 1268 573 1321 mala
589 1270 705 1338 nostra,
730 1278 836 1325 caveto

163 1381 249 1437 Mox
264 1383 315 1437 tibi
323 1394 344 1452 ς’
358 1399 421 1438 non
437 1384 486 1438 uni
502 1386 609 1439 saeviet
624 1401 720 1456 usque
737 1386 836 1441 Deus.
920 1456 923 1465 Ι

99 1493 163 1552 Vidi
176 1514 246 1569 ego,
259 1499 459 1569 quijuvenum
467 1500 588 1556 miseros
600 1484 703 1555 lufisset
711 1517 840 1570 amores,
851 1503 885 1555 2⁵

162 1611 235 1669 Post
251 1613 375 1671 Veneris
391 1615 497 1670 vinclis
513 1615 638 1669 subdere
656 1617 733 1668 colla
749 1618 847 1669 senem
851 1635 869 1686 3,
910 1688 912 1691 ι

20 1752 23 1759 «
98 1722 136 1781 Et
151 1712 204 1780 fibi
221 1726 374 1781 blanditias
391 1726 518 1780 tremula
534 1742 716 1798 componere.
733 1743 831 1798 voce,
910 1734 912 1736 ’

160 1839 205 1895 Et
221 1839 357 1894 menibus
374 1856 461 1895 canas
478 1839 588 1910 fingere
606 1841 682 1896 velle
700 1858 819 1913 comas;

100 1955 179 2013 Stare
197 1973 256 2010 uec
273 1963 338 2011 ante
355 1957 436 2013 sores
452 1950 573 2028 puduit,
596 1975 719 2013 caraeve
735 1959 850 2030 puellae

160 2073 314 2128 Ancillam!
326 2072 425 2128 medio
442 2073 588 2128 detinuisse
606 2074 685 2129 soro.
848 2078 883 2128 30

99 2184 184 2241 Hune
207 2202 306 2258 puer,
340 2185 421 2239 hunc
443 2187 562 2255 juvenis
590 2186 677 2241 turba
695 2187 884 2252 ‚circumterit

497 2311 577 2359 areta
584 2323 595 2372 3

72 2494 74 2498 Ι
161 2417 287 2490 Despuit
301 2418 331 2473 iu
347 2418 454 2475 molles
472 2428 501 2474 et
516 2418 567 2473 fibi
585 2419 710 2492 quisque
728 2419 816 2476 finuS.

101 2530 137 2587 At
148 2531 220 2586 mihi
233 2548 334 2603 parce,
354 2530 454 2586 Venus
459 2551 470 2600 3
489 2533 603 2602 semper
618 2532 669 2587 tibi
685 2534 779 2589 dedita
795 2531 882 2591 servst

161 2643 255 2703 Mens
266 2646 349 2701 meu!
368 2617 447 2718 Quid
458 2644 564 2700 messes
575 2646 648 2715 uris,
667 2647 785 2716 acerba,
801 2649 881 2706 tuas?

401 2928 567 2955 nana-u·-
