2209 3892
203 295 237 353 7⁰
393 291 807 348 AuerrTxnutcr

204 454 254 512 Tu
271 457 377 527 procul
395 464 535 509 eventura
553 453 656 520 vides;
685 453 738 507 tibi
755 452 870 530 debitus
888 470 981 522 augur

272 571 332 626 Scit
347 572 445 638 bene,
464 570 533 640 quid
551 572 600 623 fati
618 569 741 640 provida
758 576 856 622 cantet
871 568 952 639 avis;

205 688 314 759 Tuque
332 689 410 755 regie
427 689 518 741 sortes
526 705 537 755 3
567 693 665 757 perte
684 684 837 756 praesentit
853 686 995 756 aruspex,

271 802 402 857 Lubrica
420 800 538 871 iignavit
555 816 649 871 quom
667 800 755 853 Deus
773 807 841 854 exta
858 801 947 855 notis.

205 917 251 973 Te
269 916 363 984 duce,
393 915 548 970 Romanos
572 924 723 984 nunquam
747 915 877 968 frustrata
902 913 998 985 Sibyl-

610 1030 655 1096 la,
965 1031 997 1082 15

271 1149 379 1203 Abdita
397 1166 473 1220 quac
491 1127 640 1201 senis⁴fata
657 1147 733 1221 cauit
749 1146 884 1218 pedibus.

204 1262 350 1330 Phoebe,
375 1263 469 1315 sacras
486 1259 675 1327 Messalinum
693 1259 751 1312 fine
768 1267 889 1329 tangere
906 1259 997 1314 char-

608 1385 653 1431 128

272 1492 352 1547 Vatis
360 1511 370 1560 3
405 1500 435 1545 et
458 1492 534 1562 ipse,
569 1507 699 1561 precor,
736 1493 807 1562 quoi
830 1483 915 1546 cahat
930 1492 997 1560 illa,

609 1600 696 1664 doce.

204 1728 287 1783 Haec
311 1726 389 1780 dedit
411 1727 531 1780 Aeneae
554 1727 665 1796 sortes,
699 1726 853 1799 postquam
877 1727 926 1782 ille
944 1746 996 1800 pa-

609 1850 726 1895 rentem

271 1958 390 2013 Dicitur
407 1964 436 2012 et
453 1965 553 2029 raptos
570 1958 726 2013 sustinuisse
743 1958 849 2014 Lares.
963 1963 998 2014 20

173 2057 178 2064 “
205 2070 274 2134 Nec
291 2073 355 2127 fore
374 2070 678 2140 credebat‘Romam,
702 2088 796 2144 quom
811 2075 940 2129 moeihts
960 2071 996 2128 ab

611 2192 668 2247 alto

272 2310 349 2364 Ilion
367 2309 502 2364 ardentes
519 2309 733 2381 respiceretque
751 2309 850 2365 Deos·
868 2338 903 2348 -

205 2421 355 2477 Romulus
373 2432 508 2477 aeternae
524 2421 658 2476 nondum
677 2420 846 2506 fiqnaverat
862 2422 948 2477 urbis

271 2536 414 2605 Moenia,
432 2536 557 2591 consorti
574 2554 634 2591 uon
652 2537 808 2592 habitanda
826 2535 938 2592 Remo.

208 2648 266 2704 Sed
283 2657 346 2704 tum
364 2650 518 2722 pascebant
534 2651 659 2708 herbosa
676 2651 787 2708 Palatia
802 2669 930 2721 vaccae,
965 2652 999 2705 25

270 2763 311 2819 Et
327 2765 436 2819 stabant
452 2766 580 2824 humiles
598 2769 627 2823 in
643 2766 731 2822 Jovis
749 2784 817 2823 arce
834 2770 925 2822 casae.

204 2877 296 2936 Lacte
329 2881 452 2937 medens
485 2882 544 2938 iilic
576 2883 693 2938 suberat
722 2881 788 2940 Pan
820 2881 895 2938 ilicis
926 2900 995 2938 um-

588 2995 691 3068 brae,

270 3109 310 3167 Et
326 3112 400 3167 iacta
417 3114 518 3182 agresti
534 3113 630 3183 lignea
648 3113 722 3169 falce
739 3111 846 3184 Peles;
