2209 3892
270 310 589 371 E-unetnuum
623 310 664 380 1,
700 307 728 367 s.
859 310 894 362 al

105 476 229 553 Ipseque
247 488 294 533 ter
310 479 422 537 circum
438 478 554 533 lustravi
576 477 684 532 sulsure
701 492 795 550 puro,
834 518 837 523 -
879 473 887 537 ζ

171 593 310 648 Carmine
328 609 422 665 quum
438 593 554 661 magico
572 592 773 664 praecinuisset
790 605 874 647 anus.

103 708 168 782 Ipse
186 709 363 779 procuravi,
380 722 417 763 ne
435 708 546 780 possent
563 708 646 763 saeva
663 724 776 763 nocere

171 823 309 890 Somnia,
333 831 380 876 ter
395 825 490 878 sancta
505 823 682 879 devenerata
697 824 789 878 mola.

104 935 169 1009 lpse
188 954 263 1006 ego,
279 938 394 992 velatus
411 937 479 1005 filo,
496 938 659 1009 tunicisque
677 938 794 1005 solutis,
862 939 896 993 15

171 1051 248 1107 Vota
263 1068 377 1107 nov-em
393 1051 512 1107 Triviae
527 1062 617 1106 nocte
635 1050 732 1107 filente
749 1051 827 1108 dedi.

103 1167 214 1229 Omnia
231 1168 365 1240 persolvi·
394 1167 511 1223 Fruitur
524 1184 605 1222 nium
622 1168 695 1226 alter
711 1185 832 1238 amore,
944 1206 960 1237 .

169 1283 210 1338 Et
226 1283 364 1356 precibus
381 1284 453 1339 felix
469 1284 560 1339 utitur
574 1284 623 1339 ille
639 1284 727 1342 meis.

102 1398 155 1454 Ab
172 1397 244 1452 mihi
262 1398 377 1452 felicem
394 1397 541 1466 vitam,s1
559 1400 635 1452 salva
653 1399 767 1468 fuisses,

169 1510 328 1580 Fingebam
345 1512 468 1566 demens
477 1530 488 1581 3
505 1511 554 1568 sed
572 1522 714 1568 renuente
731 1513 815 1569 Deo.
858 1515 894 1568 20

100 1622 186 1685 Rura
222 1624 319 1681 colam
331 1663 342 1693 ,
375 1625 555 1697 frugumque
587 1625 678 1678 aderit
710 1640 778 1678 mea
804 1624 894 1679 Delia

507 1736 622 1805 omos,

166 1856 252 1913 Area
269 1853 339 1909 dum
355 1854 460 1910 messes
476 1853 536 1913 sole
552 1854 666 1912 calente
683 1863 769 1915 teret.

99 1970 163 2033 Aut
178 1970 253 2026 mibi
269 1969 393 2025 servabit
408 1970 501 2041 plenis
517 1969 547 2025 in
564 1970 697 2031 lintribus
714 1987 813 2040 uvas,

167 2086 328 2168 Pressaque
348 2086 442 2143 veloci
459 2086 581 2145 candida
596 2089 688 2144 mulla
705 2087 792 2158 pede·

102 2201 280 2259 Consuescet
300 2218 457 2261 numerare
479 2218 588 2274 pecus3
617 2203 773 2261 consuescit
789 2220 892 2261 aman·

503 2316 539 2375 tis
857 2320 894 2373 25

170 2432 317 2491 Garrulus
334 2437 364 2491 in
381 2434 516 2491 dominae
533 2434 635 2490 ludere
653 2452 746 2490 verna
763 2433 834 2490 iinu.

7 2572 10 2581 ³
102 2550 159 2606 Ille
173 2527 247 2617 ¹Deo
265 2553 332 2609 sciet
348 2554 493 2625 agricolae
510 2569 568 2624 pro.
582 2552 691 2608 vitibus
707 2569 818 2621 uvam,

132 2698 136 2705 ·
169 2666 232 2724 Pro
249 2669 342 2738 segete
360 2668 470 2740 spicas,
498 2683 558 2740 pru
572 2668 662 2738 grege
677 2670 755 2723 serre
771 2669 889 2739 dapem.

103 2780 160 2839 Illa
177 2789 259 2851 regat
275 2790 416 2851 cunctos,
441 2781 482 2837 illi
498 2779 552 2835 fint
568 2782 668 2836 omnia
684 2760 791 2850 curae3

170 2899 212 2952 At
221 2897 308 2967 juvet
324 2899 354 2955 in
370 2905 430 2956 tota
445 2913 495 2951 me
512 2897 586 2956 nihil
603 2896 660 2950 ess'e
677 2896 780 2951 domo.
857 2895 896 2951 30

103 3009 171 3067 Huc
184 3012 284 3077 ⁸veniet
299 3009 425 3075 Messala
440 3025 550 3079 meus,
569 3007 643 3080 quoi
657 3008 753 3069 dulcia
768 3024 886 3089 pomus

170 3124 259 3184 Delia
274 3124 387 3183 selectis
405 3120 720 3195 debehatarboribus.
