2209 3892
82 1260 146 1358 Sic
158 1295 298 1354 umbrosa
312 1298 363 1355 tibi
378 1300 546 1370 contingant
560 1306 654 1369 tecta,-
669 1296 776 1373 Priape
785 1331 803 1369 ,n

149 1414 200 1470 Ne
218 1414 304 1486 capiti
322 1415 417 1484 soles,
434 1433 471 1470 ne
487 1394 674 1487 noceantqne
691 1418 790 1471 nives:

85 1527 172 1606 Quae
190 1539 241 1586 tun
259 1532 405 1588 fonndsoa
424 1530 500 1603 cepit
516 1532 648 1589 solertia?
671 1532 759 1589 Certe

149 1645 226 1702 Non
243 1645 293 1701 tibi
310 1646 402 1701 barba
418 1641 507 1715 nitet,
534 1660 598 1699 non
614 1642 667 1700 tibi
684 1645 761 1700 culta
779 1662 876 1704 aornar

82 1760 193 1819 Nudus
212 1772 242 1818 et
257 1762 401 1818 hibernae
418 1754 559 1836 prodaris
575 1760 685 1832 frigora
700 1762 823 1819 brumae
831 1796 842 1834 9
859 1760 877 1817 5
958 1798 961 1803 -

147 1872 261 1936 Nudus
279 1884 308 1933 et
326 1871 420 1934 aestivi
439 1886 572 1952 tempora
590 1881 673 1935 saeva
692 1879 790 1937 Canist

83 1993 130 2051 Sic
149 2004 217 2065 ego,
253 1992 298 2049 Sic
313 1992 425 2050 Bacchi
437 1986 593 2066 respondet
604 1991 704 2050 instica
717 1995 817 2066 proles
824 2036 835 2064 ,

74 2146 84 2160 .
148 2113 296 2166 Armatus
313 2120 404 2165 curva
425 2110 499 2166 falce
517 2103 645 2165 minante
660 2106 768 2166 ¹Densi

85 2223 132 2295 „O
153 2220 222 2294 fuge
237 2232 266 2279 te
285 2233 402 2278 tenerae
422 2235 585 2295 puerorum
598 2220 719 2278 credere
735 2224 853 2280 turbae:

149 2339 233 2395 Nam
244 2338 370 2393 cauffam
376 2336 443 2408 juni
455 2340 569 2409 semper
582 2332 692 2392 amoris
707 2336 828 2393 habent.
845 2336 878 2392 10

83 2451 138 2509 Hic
162 2452 284 2527 plaeet9
319 2451 441 2523 angustis
469 2452 549 2526 quod
581 2459 693 2523 equum
721 2448 879 2525 compescit

487 2561 611 2626 habenis
618 2580 629 2641 ;

152 2684 208 2743 Hic
226 2678 342 2742 facilem
359 2678 446 2741 niveo
464 2694 586 2758 pectore
604 2677 685 2757 pellit
702 2692 828 2756 aqua1n3

85 2801 162 2857 Huic
182 2799 250 2871 quia
267 2800 349 2855 fortis
367 2798 444 2855 adest
462 2800 580 2876 audacia
590 2832 600 2869 5
617 2800 695 2871 cepit
700 2818 710 2869 3
729 2796 814 2853 atilli

152 2910 308 2984 Virgineus
324 2922 440 2970 teneras
459 2912 508 2970 stat
525 2900 622 2987 pndor
640 2921 704 2966 ante
725 2924 826 2980 genas.

88 3026 146 3085 Sed
161 3035 190 3085 te
207 3046 246 3086 ne
265 3032 402 3103 capiant,
419 3032 516 3103 primo
536 3028 556 3082 fi
573 3030 647 3101 forte
665 3017 797 3095 negarit,
848 3020 881 3080 15

152 3142 282 3216 Taedia;
299 3145 438 3217 paulatim
454 3141 590 3214 subjuga
609 3142 685 3198 colla
701 3139 791 3196 dabit.
