2209 3892
371 46 375 57 ι
464 28 481 73 a

254 307 711 378 Eneo1nnunu1,8.
858 310 895 364 35

102 470 242 546 Quantus
269 480 316 540 et,
341 472 470 527 aetherio
494 473 684 527 conscindens
705 472 816 528 vertice
834 489 890 528 nu*

442 650 446 657 ,
504 591 582 660 bea,
860 593 893 643 ¹5
949 618 952 629 ·

165 705 299 776 Frigidus
311 708 440 762 intonsos
456 706 576 763 Taurus
593 708 649 762 alat
665 705 793 764 Cilicas?

102 819 183 894 Quid
202 819 352 889 referam,
380 827 414 874 ut
434 819 538 874 volitet
562 820 681 876 crebras
704 821 810 876 intaeta
835 836 891 894 per

501 932 594 988 urbes

165 1048 245 1104 Alba
263 1046 424 1105 Palaestino
437 1052 532 1106 sancta
545 1049 685 1104 columba
698 1050 791 1122 Syro?

97 1160 199 1235 thue
211 1165 301 1220 maris
320 1164 431 1219 vastum
449 1165 614 1237 prospectet
628 1163 758 1221 turribus
776 1181 890 1238 aequor

165 1277 268 1336 Prima
276 1287 369 1335 ratem
378 1280 474 1336 ventis
486 1282 610 1337 credere
623 1280 711 1337 docta
718 1281 838 1352 Tyros?
855 1287 889 1337 20

97 1391 204 1469 Qualia
217 1402 246 1448 et
254 1434 264 1463 ‚
282 1406 397 1450 arentes
412 1411 505 1466 quom
520 1394 601 1450 findit
613 1395 704 1450 Sirius
722 1410 828 1465 agros,

164 1508 279 1566 Fertilis
295 1510 399 1566 aestiva
410 1509 499 1566 Nilus
513 1510 645 1586 abundet
660 1512 760 1582 qua?

94 1628 166 1686 Nile
187 1637 289 1703 pater,
307 1642 435 1701 quanam
455 1629 559 1701 poffim
576 1636 606 1680 tt
622 1627 721 1681 dicere
734 1626 848 1695 cauea,

163 1750 228 1804 Aut
244 1748 352 1819 quibus
369 1749 400 1801 in
413 1745 518 1816 terrie,
537 1744 694 1801 occuluffle
708 1746 815 1817 caput?

93 1862 140 1918 Te
157 1869 284 1936 propter
297 1861 394 1916 nullos
409 1861 497 1916 tellua
511 1869 559 1916 tua
571 1859 694 1932 postulat
710 1859 839 1929 imbres,
853 1861 888 1915 25

162 1977 255 2034 Arida
267 1993 323 2032 nec
335 1976 444 2033 Pluvia
457 1976 597 2049 supplicat
610 1976 705 2031 herba
723 1975 809 2033 dcvi.

91 2092 139 2148 Te
160 2093 239 2159 canit
248 2133 258 2161 ‚
277 2100 363 2164 atque
379 2092 462 2147 suum
474 2090 569 2164 pubes
586 2092 707 2145 miratur
722 2089 820 2147 Osirin

161 2207 307 2275 Barbara,
324 2208 513 2279 Memphiten
520 2208 658 2279 plangere
668 2182 755 2261 docta
761 2207 884 2262 bovem.

92 2323 215 2381 Primus
236 2331 330 2378 aratra
345 2338 436 2377 manu
448 2323 544 2379 {blerti
561 2324 629 2378 iecit
646 2318 755 2391 Osiris,

159 2435 201 2493 Et
213 2444 349 2492 teneram
363 2437 444 2492 ferro
462 2437 621 2493 sollicitavit
636 2437 774 2491 hennum.
849 2437 885 2492 ³0

92 2550 214 2610 Primus
229 2550 399 2623 inexpertae
418 2549 563 2606 commitit
576 2551 686 2606 ⁴semina
704 2550 816 2620 terrae,

159 2667 318 2738 Pomaque
329 2632 391 2722 nan
402 2656 480 2723 notis
492 2667 562 2737 legit
578 2666 615 2724 ab
630 2667 797 2725 arboribus.

91 2784 149 2841 Hic
163 2783 263 2845 docuit
276 2794 409 2840 teneram
426 2783 500 2858 palis
517 2785 673 2857 adjungere
694 2785 802 2851 vitem
843 2801 847 2809 ¹
867 2801 870 2807 ’

157 2901 214 2957 Ηίο
229 2896 442 2957 viridem‘dura
460 2902 585 2957 caedere
601 2902 675 2957 falce
689 2913 820 2955 caman.

92 3013 141 3070 Illi
148 3014 300 3085 jucundos
313 3018 442 3088 primum
456 3024 571 3070 matura
584 3016 702 3089 sapores
848 3011 883 3065 85

157 3128 303 3204 Expressa
321 3129 436 3186 incultis
453 3144 514 3215 uva
529 3127 608 3184 dedit
624 3126 759 3202 pedibus,
