<?xml version="1.0" encoding="UTF-8"?>
<!DOCTYPE html PUBLIC "-//W3C//DTD XHTML 1.0 Transitional//EN"
    "http://www.w3.org/TR/xhtml1/DTD/xhtml1-transitional.dtd">
<html xmlns="http://www.w3.org/1999/xhtml" xml:lang="en" lang="en">
 <head>
  <title>
</title>
<meta http-equiv="Content-Type" content="text/html;charset=utf-8" />
  <meta name='ocr-system' content='tesseract 3.04.00' />
  <meta name='ocr-capabilities' content='ocr_page ocr_carea ocr_par ocr_line ocrx_word'/>
</head>
<body>
  <div class='ocr_page' id='page_1' title='image "albiustibullusu02lygdgoog_0065.png"; bbox 0 0 2209 3892; ppageno 0'>
   <div class='ocr_carea' id='block_1_1' title="bbox 272 256 898 374">
    <p class='ocr_par' dir='ltr' id='par_1_1' title="bbox 272 256 898 374">
     <span class='ocr_line' id='line_1_1' title="bbox 272 256 898 374; baseline -0.002 -30"><span class='ocrx_word' id='word_1_1' title='bbox 272 256 591 374; x_wconf 62' lang='lat' dir='ltr'>Errarauuna</span> <span class='ocrx_word' id='word_1_2' title='bbox 626 287 664 356; x_wconf 89' lang='grc' dir='ltr'>Ι,</span> <span class='ocrx_word' id='word_1_3' title='bbox 703 285 730 343; x_wconf 86' lang='grc'>6.</span> <span class='ocrx_word' id='word_1_4' title='bbox 797 352 803 364; x_wconf 83' lang='lat'>.</span> <span class='ocrx_word' id='word_1_5' title='bbox 864 286 898 351; x_wconf 66' lang='lat'>22</span> 
     </span>
    </p>
   </div>
   <div class='ocr_carea' id='block_1_2' title="bbox 101 452 910 3055">
    <p class='ocr_par' dir='ltr' id='par_1_2' title="bbox 101 452 899 762">
     <span class='ocr_line' id='line_1_2' title="bbox 101 452 898 526; baseline 0.003 -17"><span class='ocrx_word' id='word_1_6' title='bbox 101 452 188 517; x_wconf 79' lang='lat' dir='ltr'>Hanc</span> <span class='ocrx_word' id='word_1_7' title='bbox 204 452 331 507; x_wconf 84' lang='lat' dir='ltr'>volitent</span> <span class='ocrx_word' id='word_1_8' title='bbox 347 453 458 511; x_wconf 82' lang='lat' dir='ltr'>animae</span> <span class='ocrx_word' id='word_1_9' title='bbox 474 456 590 511; x_wconf 76' lang='lat' dir='ltr'>circum</span> <span class='ocrx_word' id='word_1_10' title='bbox 606 456 655 511; x_wconf 87' lang='lat' dir='ltr'>sua</span> <span class='ocrx_word' id='word_1_11' title='bbox 672 457 728 510; x_wconf 80' lang='lat' dir='ltr'>fata</span> <span class='ocrx_word' id='word_1_12' title='bbox 740 460 898 526; x_wconf 77' lang='lat' dir='ltr'>querentes</span> 
     </span>
     <span class='ocr_line' id='line_1_3' title="bbox 173 566 849 638; baseline 0 -16"><span class='ocrx_word' id='word_1_13' title='bbox 173 566 316 638; x_wconf 82' lang='lat' dir='ltr'><strong>Semper,</strong></span> <span class='ocrx_word' id='word_1_14' title='bbox 339 575 367 621; x_wconf 85' lang='lat' dir='ltr'>et</span> <span class='ocrx_word' id='word_1_15' title='bbox 384 584 400 620; x_wconf 90' lang='lat' dir='ltr'>e</span> <span class='ocrx_word' id='word_1_16' title='bbox 418 569 502 627; x_wconf 72' lang='lat' dir='ltr'>tectis</span> <span class='ocrx_word' id='word_1_17' title='bbox 520 568 589 623; x_wconf 83' lang='lat' dir='ltr'>strix</span> <span class='ocrx_word' id='word_1_18' title='bbox 607 568 734 622; x_wconf 87' lang='lat' dir='ltr'>violenta</span> <span class='ocrx_word' id='word_1_19' title='bbox 753 577 849 623; x_wconf 85' lang='lat' dir='ltr'>canat.</span> 
     </span>
     <span class='ocr_line' id='line_1_4' title="bbox 103 680 899 762; baseline -0.004 -26"><span class='ocrx_word' id='word_1_20' title='bbox 103 680 187 762; x_wconf 81' lang='lat' dir='ltr'>Ipsa,</span> <span class='ocrx_word' id='word_1_21' title='bbox 205 682 283 739; x_wconf 80' lang='lat' dir='ltr'>lame</span> <span class='ocrx_word' id='word_1_22' title='bbox 300 681 461 739; x_wconf 81' lang='lat' dir='ltr'>stimulante</span> <span class='ocrx_word' id='word_1_23' title='bbox 479 683 598 751; x_wconf 72' lang='lat' dir='ltr'>iurene,</span> <span class='ocrx_word' id='word_1_24' title='bbox 614 681 784 753; x_wconf 79' lang='lat' dir='ltr'>herbasque</span> <span class='ocrx_word' id='word_1_25' title='bbox 802 680 899 752; x_wconf 57' lang='lat' dir='ltr'>tepula</span> 
     </span>
    </p>

    <p class='ocr_par' dir='ltr' id='par_1_3' title="bbox 103 797 910 3055">
     <span class='ocr_line' id='line_1_5' title="bbox 510 797 615 869; baseline 0.019 -16"><span class='ocrx_word' id='word_1_26' title='bbox 510 797 569 855; x_wconf 79' lang='lat' dir='ltr'>cria</span> <span class='ocrx_word' id='word_1_27' title='bbox 613 867 615 869; x_wconf 70' lang='lat'><em>.</em></span> 
     </span>
     <span class='ocr_line' id='line_1_6' title="bbox 173 911 819 987; baseline 0 -19"><span class='ocrx_word' id='word_1_28' title='bbox 173 911 324 987; x_wconf 73' lang='lat' dir='ltr'>Quaerat,</span> <span class='ocrx_word' id='word_1_29' title='bbox 343 920 372 968; x_wconf 85' lang='lat' dir='ltr'>et</span> <span class='ocrx_word' id='word_1_30' title='bbox 388 930 404 967; x_wconf 89' lang='lat' dir='ltr'>a</span> <span class='ocrx_word' id='word_1_31' title='bbox 421 913 515 970; x_wconf 84' lang='lat' dir='ltr'>saevis</span> <span class='ocrx_word' id='word_1_32' title='bbox 532 914 591 968; x_wconf 80' lang='lat' dir='ltr'>olla</span> <span class='ocrx_word' id='word_1_33' title='bbox 608 914 707 969; x_wconf 87' lang='lat' dir='ltr'>relicta</span> <span class='ocrx_word' id='word_1_34' title='bbox 724 913 819 986; x_wconf 66' lang='lat' dir='ltr'>lupis}</span> 
     </span>
     <span class='ocr_line' id='line_1_7' title="bbox 106 1026 899 1100; baseline 0.001 -19"><span class='ocrx_word' id='word_1_35' title='bbox 106 1026 216 1092; x_wconf 72' lang='lat' dir='ltr'>Currat</span> <span class='ocrx_word' id='word_1_36' title='bbox 255 1035 285 1093; x_wconf 76' lang='lat' dir='ltr'>et</span> <span class='ocrx_word' id='word_1_37' title='bbox 317 1027 482 1099; x_wconf 74' lang='lat' dir='ltr'>inguinibus</span> <span class='ocrx_word' id='word_1_38' title='bbox 512 1028 621 1097; x_wconf 83' lang='lat' dir='ltr'>nudis,</span> <span class='ocrx_word' id='word_1_39' title='bbox 663 1029 816 1100; x_wconf 85' lang='lat' dir='ltr'>ululetque</span> <span class='ocrx_word' id='word_1_40' title='bbox 844 1042 899 1099; x_wconf 86' lang='lat' dir='ltr'>per</span> 
     </span>
     <span class='ocr_line' id='line_1_8' title="bbox 509 1142 899 1229; baseline -0.005 -34"><span class='ocrx_word' id='word_1_41' title='bbox 509 1142 600 1229; x_wconf 76' lang='lat' dir='ltr'>urbes</span> <span class='ocrx_word' id='word_1_42' title='bbox 606 1162 618 1210; x_wconf 65' lang='grc' dir='ltr'><strong><em>ς</em></strong></span> <span class='ocrx_word' id='word_1_43' title='bbox 864 1143 899 1194; x_wconf 78' lang='lat'>55</span> 
     </span>
     <span class='ocr_line' id='line_1_9' title="bbox 168 1255 819 1331; baseline 0 -18"><span class='ocrx_word' id='word_1_44' title='bbox 168 1255 241 1314; x_wconf 77' lang='lat' dir='ltr'>‚Post</span> <span class='ocrx_word' id='word_1_45' title='bbox 259 1266 322 1326; x_wconf 84' lang='lat' dir='ltr'>agat</span> <span class='ocrx_word' id='word_1_46' title='bbox 339 1273 355 1313; x_wconf 83' lang='lat' dir='ltr'>e</span> <span class='ocrx_word' id='word_1_47' title='bbox 372 1257 464 1323; x_wconf 78' lang='lat' dir='ltr'>triviis</span> <span class='ocrx_word' id='word_1_48' title='bbox 483 1258 581 1331; x_wconf 76' lang='lat' dir='ltr'>aspera</span> <span class='ocrx_word' id='word_1_49' title='bbox 597 1258 684 1312; x_wconf 86' lang='lat' dir='ltr'>turba</span> <span class='ocrx_word' id='word_1_50' title='bbox 701 1275 819 1313; x_wconf 88' lang='lat' dir='ltr'>canum.</span> 
     </span>
     <span class='ocr_line' id='line_1_10' title="bbox 104 1368 897 1444; baseline -0.003 -17"><span class='ocrx_word' id='word_1_51' title='bbox 104 1368 268 1438; x_wconf 80' lang='lat' dir='ltr'>Evenient!</span> <span class='ocrx_word' id='word_1_52' title='bbox 286 1373 333 1428; x_wconf 82' lang='lat' dir='ltr'>dat</span> <span class='ocrx_word' id='word_1_53' title='bbox 351 1372 427 1444; x_wconf 81' lang='lat' dir='ltr'>figna</span> <span class='ocrx_word' id='word_1_54' title='bbox 439 1374 545 1442; x_wconf 87' lang='lat' dir='ltr'>Deus;</span> <span class='ocrx_word' id='word_1_55' title='bbox 564 1374 628 1429; x_wconf 85' lang='lat' dir='ltr'>sunt</span> <span class='ocrx_word' id='word_1_56' title='bbox 643 1373 761 1433; x_wconf 83' lang='lat' dir='ltr'>numina</span> <span class='ocrx_word' id='word_1_57' title='bbox 780 1371 897 1441; x_wconf 82' lang='lat' dir='ltr'>amanti,</span> 
     </span>
     <span class='ocr_line' id='line_1_11' title="bbox 172 1487 759 1567; baseline 0 -24"><span class='ocrx_word' id='word_1_58' title='bbox 172 1487 270 1552; x_wconf 88' lang='lat' dir='ltr'>Saevit</span> <span class='ocrx_word' id='word_1_59' title='bbox 287 1495 316 1542; x_wconf 84' lang='lat' dir='ltr'>et</span> <span class='ocrx_word' id='word_1_60' title='bbox 332 1488 430 1567; x_wconf 81' lang='lat' dir='ltr'>injusta</span> <span class='ocrx_word' id='word_1_61' title='bbox 447 1491 511 1558; x_wconf 75' lang='lat' dir='ltr'>lega</span> <span class='ocrx_word' id='word_1_62' title='bbox 530 1489 631 1543; x_wconf 83' lang='lat' dir='ltr'>relicta</span> <span class='ocrx_word' id='word_1_63' title='bbox 648 1487 759 1543; x_wconf 85' lang='lat' dir='ltr'>Venus.</span> 
     </span>
     <span class='ocr_line' id='line_1_12' title="bbox 103 1592 854 1681; baseline -0.001 -26"><span class='ocrx_word' id='word_1_64' title='bbox 103 1601 145 1664; x_wconf 74' lang='lat' dir='ltr'>At</span> <span class='ocrx_word' id='word_1_65' title='bbox 161 1592 195 1655; x_wconf 88' lang='lat' dir='ltr'>tu</span> <span class='ocrx_word' id='word_1_66' title='bbox 212 1617 303 1672; x_wconf 88' lang='lat' dir='ltr'>quam</span> <span class='ocrx_word' id='word_1_67' title='bbox 319 1601 448 1681; x_wconf 77' lang='lat' dir='ltr'>primurn</span> <span class='ocrx_word' id='word_1_68' title='bbox 464 1604 547 1669; x_wconf 83' lang='lat' dir='ltr'>sagae</span> <span class='ocrx_word' id='word_1_69' title='bbox 565 1610 721 1671; x_wconf 72' lang='lat' dir='ltr'>praecepta</span> <span class='ocrx_word' id='word_1_70' title='bbox 738 1601 854 1670; x_wconf 83' lang='lat' dir='ltr'>rapacis</span> 
     </span>
     <span class='ocr_line' id='line_1_13' title="bbox 170 1711 900 1779; baseline -0.003 -8"><span class='ocrx_word' id='word_1_71' title='bbox 170 1714 301 1779; x_wconf 77' lang='lat' dir='ltr'>Desara!¹</span> <span class='ocrx_word' id='word_1_72' title='bbox 320 1714 394 1770; x_wconf 88' lang='lat' dir='ltr'>Non</span> <span class='ocrx_word' id='word_1_73' title='bbox 406 1714 490 1768; x_wconf 83' lang='lat' dir='ltr'>donis</span> <span class='ocrx_word' id='word_1_74' title='bbox 502 1712 631 1768; x_wconf 87' lang='lat' dir='ltr'>vincitur</span> <span class='ocrx_word' id='word_1_75' title='bbox 642 1713 737 1767; x_wconf 86' lang='lat' dir='ltr'>omnis</span> <span class='ocrx_word' id='word_1_76' title='bbox 755 1729 851 1768; x_wconf 88' lang='lat' dir='ltr'>amor.</span> <span class='ocrx_word' id='word_1_77' title='bbox 865 1711 900 1769; x_wconf 89' lang='lat'>60</span> 
     </span>
     <span class='ocr_line' id='line_1_14' title="bbox 103 1808 881 1912; baseline -0.005 -25"><span class='ocrx_word' id='word_1_78' title='bbox 103 1829 228 1911; x_wconf 79' lang='lat' dir='ltr'>Pauper</span> <span class='ocrx_word' id='word_1_79' title='bbox 245 1828 300 1894; x_wconf 74' lang='lat' dir='ltr'>erit</span> <span class='ocrx_word' id='word_1_80' title='bbox 313 1830 426 1901; x_wconf 79' lang='lat' dir='ltr'>praetio</span> <span class='ocrx_word' id='word_1_81' title='bbox 443 1830 559 1912; x_wconf 74' lang='lat' dir='ltr'>semper</span> <span class='ocrx_word' id='word_1_82' title='bbox 575 1808 625 1893; x_wconf 81' lang='lat' dir='ltr'>tibi</span> <span class='ocrx_word' id='word_1_83' title='bbox 633 1830 776 1900; x_wconf 66' lang='lat' dir='ltr'>3fpauper</span> <span class='ocrx_word' id='word_1_84' title='bbox 792 1827 881 1883; x_wconf 89' lang='lat' dir='ltr'>adibit</span> 
     </span>
     <span class='ocr_line' id='line_1_15' title="bbox 171 1943 813 2015; baseline -0.003 -14"><span class='ocrx_word' id='word_1_85' title='bbox 171 1945 314 2015; x_wconf 86' lang='lat' dir='ltr'>Primus,</span> <span class='ocrx_word' id='word_1_86' title='bbox 333 1953 363 1999; x_wconf 86' lang='lat' dir='ltr'>et</span> <span class='ocrx_word' id='word_1_87' title='bbox 378 1944 408 1999; x_wconf 88' lang='lat' dir='ltr'>iu</span> <span class='ocrx_word' id='word_1_88' title='bbox 424 1952 526 1999; x_wconf 87' lang='lat' dir='ltr'>tenero</span> <span class='ocrx_word' id='word_1_89' title='bbox 545 1943 624 1999; x_wconf 86' lang='lat' dir='ltr'>fixus</span> <span class='ocrx_word' id='word_1_90' title='bbox 641 1945 696 1999; x_wconf 88' lang='lat' dir='ltr'>erit</span> <span class='ocrx_word' id='word_1_91' title='bbox 712 1946 813 2000; x_wconf 85' lang='lat' dir='ltr'>latere.</span> 
     </span>
     <span class='ocr_line' id='line_1_16' title="bbox 104 2058 874 2142; baseline 0.003 -29"><span class='ocrx_word' id='word_1_92' title='bbox 104 2058 226 2142; x_wconf 59' lang='lat' dir='ltr'>yauper</span> <span class='ocrx_word' id='word_1_93' title='bbox 243 2059 272 2123; x_wconf 84' lang='lat' dir='ltr'>in</span> <span class='ocrx_word' id='word_1_94' title='bbox 289 2059 404 2129; x_wconf 82' lang='lat' dir='ltr'>angusto</span> <span class='ocrx_word' id='word_1_95' title='bbox 423 2058 499 2125; x_wconf 80' lang='lat' dir='ltr'>lidus</span> <span class='ocrx_word' id='word_1_96' title='bbox 516 2075 619 2115; x_wconf 86' lang='lat' dir='ltr'>comes</span> <span class='ocrx_word' id='word_1_97' title='bbox 638 2058 752 2128; x_wconf 84' lang='lat' dir='ltr'>agmine</span> <span class='ocrx_word' id='word_1_98' title='bbox 769 2058 874 2115; x_wconf 83' lang='lat' dir='ltr'>turbae</span> 
     </span>
     <span class='ocr_line' id='line_1_17' title="bbox 173 2173 805 2245; baseline 0 -17"><span class='ocrx_word' id='word_1_99' title='bbox 173 2174 371 2244; x_wconf 68' lang='lat' dir='ltr'>subjicietque</span> <span class='ocrx_word' id='word_1_100' title='bbox 387 2190 494 2245; x_wconf 67' lang='lat' dir='ltr'>manue</span> <span class='ocrx_word' id='word_1_101' title='bbox 503 2213 513 2242; x_wconf 89' lang='lat'><strong><em>,</em></strong></span> <span class='ocrx_word' id='word_1_102' title='bbox 531 2173 697 2245; x_wconf 82' lang='lat' dir='ltr'>efficietque</span> <span class='ocrx_word' id='word_1_103' title='bbox 715 2175 805 2228; x_wconf 85' lang='lat' dir='ltr'>viam.</span> 
     </span>
     <span class='ocr_line' id='line_1_18' title="bbox 104 2256 898 2374; baseline -0.001 -28"><span class='ocrx_word' id='word_1_104' title='bbox 104 2289 225 2374; x_wconf 67' lang='lat' dir='ltr'>Bauper</span> <span class='ocrx_word' id='word_1_105' title='bbox 243 2298 271 2345; x_wconf 85' lang='lat' dir='ltr'>et</span> <span class='ocrx_word' id='word_1_106' title='bbox 288 2290 324 2345; x_wconf 88' lang='lat' dir='ltr'>ad</span> <span class='ocrx_word' id='word_1_107' title='bbox 340 2291 437 2356; x_wconf 82' lang='lat' dir='ltr'>cultos</span> <span class='ocrx_word' id='word_1_108' title='bbox 455 2290 554 2353; x_wconf 84' lang='lat' dir='ltr'>furtim</span> <span class='ocrx_word' id='word_1_109' title='bbox 572 2256 698 2354; x_wconf 68' lang='lat' dir='ltr'>deducet</span> <span class='ocrx_word' id='word_1_110' title='bbox 715 2290 847 2359; x_wconf 86' lang='lat' dir='ltr'>amicos,</span> <span class='ocrx_word' id='word_1_111' title='bbox 863 2288 898 2345; x_wconf 79' lang='lat'>6⁵</span> 
     </span>
     <span class='ocr_line' id='line_1_19' title="bbox 172 2386 829 2478; baseline -0.002 -15"><span class='ocrx_word' id='word_1_112' title='bbox 172 2406 336 2478; x_wconf 84' lang='lat' dir='ltr'>Vinclaque</span> <span class='ocrx_word' id='word_1_113' title='bbox 354 2406 390 2460; x_wconf 89' lang='lat' dir='ltr'>de</span> <span class='ocrx_word' id='word_1_114' title='bbox 409 2407 497 2471; x_wconf 88' lang='lat' dir='ltr'>niveo</span> <span class='ocrx_word' id='word_1_115' title='bbox 515 2386 650 2462; x_wconf 82' lang='lat' dir='ltr'>detrahet</span> <span class='ocrx_word' id='word_1_116' title='bbox 667 2406 724 2478; x_wconf 86' lang='lat' dir='ltr'>ipse</span> <span class='ocrx_word' id='word_1_117' title='bbox 741 2406 829 2478; x_wconf 88' lang='lat' dir='ltr'>pede.</span> 
     </span>
     <span class='ocr_line' id='line_1_20' title="bbox 105 2524 863 2595; baseline 0 -14"><span class='ocrx_word' id='word_1_118' title='bbox 105 2524 173 2591; x_wconf 86' lang='lat' dir='ltr'>Heu</span> <span class='ocrx_word' id='word_1_119' title='bbox 188 2526 325 2582; x_wconf 75' lang='lat' dir='ltr'>canimus</span> <span class='ocrx_word' id='word_1_120' title='bbox 339 2526 440 2583; x_wconf 82' lang='lat' dir='ltr'>frustra</span> <span class='ocrx_word' id='word_1_121' title='bbox 449 2567 459 2595; x_wconf 89' lang='lat'><em>,</em></span> <span class='ocrx_word' id='word_1_122' title='bbox 480 2542 536 2581; x_wconf 85' lang='lat' dir='ltr'>nec</span> <span class='ocrx_word' id='word_1_123' title='bbox 553 2526 652 2581; x_wconf 84' lang='lat' dir='ltr'>verbis</span> <span class='ocrx_word' id='word_1_124' title='bbox 670 2528 747 2582; x_wconf 81' lang='lat' dir='ltr'>victa</span> <span class='ocrx_word' id='word_1_125' title='bbox 764 2526 863 2582; x_wconf 79' lang='lat' dir='ltr'>fatiscit</span> 
     </span>
     <span class='ocr_line' id='line_1_21' title="bbox 171 2626 842 2719; baseline 0.003 -25"><span class='ocrx_word' id='word_1_126' title='bbox 171 2637 290 2719; x_wconf 63' lang='lat' dir='ltr'>«Ianua²</span> <span class='ocrx_word' id='word_1_127' title='bbox 318 2639 365 2696; x_wconf 89' lang='lat' dir='ltr'>sed</span> <span class='ocrx_word' id='word_1_128' title='bbox 382 2640 465 2712; x_wconf 87' lang='lat' dir='ltr'>plena</span> <span class='ocrx_word' id='word_1_129' title='bbox 483 2641 523 2703; x_wconf 74' lang='lat' dir='ltr'>est</span> <span class='ocrx_word' id='word_1_130' title='bbox 538 2626 726 2712; x_wconf 82' lang='lat' dir='ltr'>percutienda</span> <span class='ocrx_word' id='word_1_131' title='bbox 742 2656 842 2696; x_wconf 82' lang='lat' dir='ltr'>manu.</span> 
     </span>
     <span class='ocr_line' id='line_1_22' title="bbox 106 2749 860 2827; baseline 0 -18"><span class='ocrx_word' id='word_1_132' title='bbox 106 2754 147 2810; x_wconf 80' lang='lat' dir='ltr'>At</span> <span class='ocrx_word' id='word_1_133' title='bbox 163 2764 213 2822; x_wconf 87' lang='lat' dir='ltr'>tu,</span> <span class='ocrx_word' id='word_1_134' title='bbox 231 2754 282 2827; x_wconf 86' lang='lat' dir='ltr'>qui</span> <span class='ocrx_word' id='word_1_135' title='bbox 298 2754 397 2825; x_wconf 89' lang='lat' dir='ltr'>potior</span> <span class='ocrx_word' id='word_1_136' title='bbox 413 2770 493 2809; x_wconf 88' lang='lat' dir='ltr'>nunc</span> <span class='ocrx_word' id='word_1_137' title='bbox 510 2772 562 2823; x_wconf 82' lang='lat' dir='ltr'>es,</span> <span class='ocrx_word' id='word_1_138' title='bbox 580 2749 647 2809; x_wconf 84' lang='lat' dir='ltr'>mea</span> <span class='ocrx_word' id='word_1_139' title='bbox 665 2756 722 2809; x_wconf 86' lang='lat' dir='ltr'>fata</span> <span class='ocrx_word' id='word_1_140' title='bbox 739 2765 860 2809; x_wconf 86' lang='lat' dir='ltr'>caveto:</span> 
     </span>
     <span class='ocr_line' id='line_1_23' title="bbox 172 2867 896 2925; baseline -0.004 -1"><span class='ocrx_word' id='word_1_141' title='bbox 172 2868 309 2925; x_wconf 83' lang='lat' dir='ltr'>Versatur</span> <span class='ocrx_word' id='word_1_142' title='bbox 326 2869 415 2923; x_wconf 87' lang='lat' dir='ltr'>celeri</span> <span class='ocrx_word' id='word_1_143' title='bbox 432 2868 506 2924; x_wconf 88' lang='lat' dir='ltr'>Fors</span> <span class='ocrx_word' id='word_1_144' title='bbox 523 2869 598 2923; x_wconf 85' lang='lat' dir='ltr'>levis</span> <span class='ocrx_word' id='word_1_145' title='bbox 616 2868 690 2920; x_wconf 90' lang='lat' dir='ltr'>orbe</span> <span class='ocrx_word' id='word_1_146' title='bbox 708 2874 800 2921; x_wconf 84' lang='lat' dir='ltr'>rotae.</span> <span class='ocrx_word' id='word_1_147' title='bbox 862 2867 896 2923; x_wconf 79' lang='lat' dir='ltr'>to</span> 
     </span>
     <span class='ocr_line' id='line_1_24' title="bbox 106 2980 910 3055; baseline -0.004 -17"><span class='ocrx_word' id='word_1_148' title='bbox 106 2981 180 3041; x_wconf 91' lang='lat' dir='ltr'>Non</span> <span class='ocrx_word' id='word_1_149' title='bbox 197 2984 299 3038; x_wconf 87' lang='lat' dir='ltr'>frustra</span> <span class='ocrx_word' id='word_1_150' title='bbox 316 2983 436 3055; x_wconf 83' lang='lat' dir='ltr'>quidam</span> <span class='ocrx_word' id='word_1_151' title='bbox 447 2982 512 3052; x_wconf 86' lang='lat' dir='ltr'>jam</span> <span class='ocrx_word' id='word_1_152' title='bbox 528 2997 608 3035; x_wconf 83' lang='lat' dir='ltr'>nunc</span> <span class='ocrx_word' id='word_1_153' title='bbox 631 2980 660 3033; x_wconf 91' lang='lat' dir='ltr'>in</span> <span class='ocrx_word' id='word_1_154' title='bbox 676 2980 774 3034; x_wconf 88' lang='lat' dir='ltr'>limine</span> <span class='ocrx_word' id='word_1_155' title='bbox 792 2981 910 3053; x_wconf 80' lang='lat' dir='ltr'>perstat·</span> 
     </span>
    </p>
   </div>
   <div class='ocr_carea' id='block_1_3' title="bbox 172 3096 827 3169">
    <p class='ocr_par' dir='ltr' id='par_1_4' title="bbox 172 3096 827 3169">
     <span class='ocr_line' id='line_1_25' title="bbox 172 3096 827 3169; baseline -0.002 -14"><span class='ocrx_word' id='word_1_156' title='bbox 172 3100 314 3169; x_wconf 85' lang='lat' dir='ltr'>Sedulus,</span> <span class='ocrx_word' id='word_1_157' title='bbox 332 3107 362 3154; x_wconf 92' lang='lat' dir='ltr'>et</span> <span class='ocrx_word' id='word_1_158' title='bbox 378 3097 485 3154; x_wconf 82' lang='lat' dir='ltr'>crebro</span> <span class='ocrx_word' id='word_1_159' title='bbox 502 3096 653 3169; x_wconf 77' lang='lat' dir='ltr'>prospicit,</span> <span class='ocrx_word' id='word_1_160' title='bbox 671 3113 705 3153; x_wconf 80' lang='lat' dir='ltr'>ac</span> <span class='ocrx_word' id='word_1_161' title='bbox 722 3099 827 3169; x_wconf 79' lang='lat' dir='ltr'>refugit</span> 
     </span>
    </p>
   </div>
   <div class='ocr_carea' id='block_1_4' title="bbox 0 0 1113 3892">
    <p class='ocr_par' dir='ltr' id='par_1_5' title="bbox 0 0 1113 3892">
     <span class='ocr_line' id='line_1_26' title="bbox 0 0 1113 3892; baseline 0 0"><span class='ocrx_word' id='word_1_162' title='bbox 0 0 1113 3892; x_wconf 95' lang='lat' dir='ltr'> </span> 
     </span>
    </p>
   </div>
  </div>
 </body>
</html>
