2209 3892
221 324 239 386 ci
308 388 311 392 ,
412 331 570 386 iiam
601 326 826 387 Trarm

222 496 304 553 Nam
319 513 468 565 veneror,
485 499 534 552 seu
548 498 632 569 stipes
643 497 736 551 habet
749 496 878 551 desertus
886 495 916 550 in
925 497 1013 566 agria,

290 613 348 667 Seu
364 620 450 665 vetus
467 611 497 664 in
513 613 602 666 trivio
620 612 711 666 florea
728 613 800 665 serta
816 611 888 682 lapis
894 630 906 681 3

221 723 263 780 Et
296 724 495 797 quodcunque
526 724 599 779 mihi
629 741 754 795 pomum
782 739 880 780 novus
909 723 1014 779 educat

625 853 735 907 annue,

288 951 428 1007 Libatum
445 954 588 1023 agricolae
606 955 726 1025 ponitur
742 960 807 1008 ante
823 920 908 1009 Deo.

125 1052 136 1104 ἶ
221 1065 309 1123 Flava
328 1066 442 1136 Ceres,
459 1067 509 1121 tibi
527 1067 559 1120 iit
576 1069 673 1122 nostro
692 1068 727 1121 de
745 1085 814 1122 rure
832 1084 946 1123 corona
981 1069 1013 1121 15

290 1180 410 1252 Spicea,
429 1199 504 1252 quae
523 1183 623 1252 templi
640 1182 766 1253 pendeat
783 1190 848 1236 ante
865 1183 948 1236 fores
955 1201 967 1251 3

221 1296 419 1370 Pomosisque
437 1297 529 1351 ruber
548 1299 642 1364 eustos
660 1306 787 1369 ponatur
802 1299 832 1353 in
848 1297 963 1368 hostie,
1063 1363 1066 1374 Ι

287 1413 414 1469 Terreat
430 1421 462 1467 ut
478 1416 563 1469 saeva
580 1415 675 1482 falce,
693 1413 837 1485 Priapu3‚
854 1430 937 1469 aves,

220 1530 285 1587 Vos
294 1547 416 1602 quoque
426 1529 519 1584 felicis
530 1529 693 1600 quondam,
705 1529 939 1601 nunepauperiS,
952 1529 1012 1598 agri

288 1644 447 1712 CustodeS,
471 1644 552 1698 sertis
569 1661 695 1698 munera
712 1645 823 1712 vestra,
840 1644 946 1700 Lares,
978 1647 1012 1700 20

220 1758 302 1814 Tum
318 1756 408 1811 vitula
425 1757 598 1811 innumeros
610 1757 747 1813 lustrabat
758 1724 839 1812 caesa
843 1757 992 1826 juvencos
997 1776 1010 1826 3

286 1870 379 1926 Nunc
398 1888 470 1939 agna
487 1872 585 1940 exigui
602 1873 641 1925 est
657 1872 748 1955 hestia
764 1890 870 1942 magna
886 1874 949 1928 soli.

220 1988 307 2056 Agna
324 1985 410 2040 cadet
425 1985 532 2055 vobis,
560 2005 650 2058 quam
667 1989 780 2042 circum
795 1988 898 2041 rustica
914 1986 1012 2057 pubes

289 2100 417 2156 Clamet:
437 2101 472 2157 Io
483 2103 613 2175 maists,
629 2112 668 2171 et
682 2104 761 2159 bona
777 2104 844 2173 vina
860 2102 942 2156 date!

151 2289 154 2295 s
220 2213 292 2270 Jam
321 2215 442 2283 modo,
477 2215 541 2286 jam
569 2217 683 2287 poffum
717 2224 871 2272 contentus
906 2215 1013 2271 vivere

623 2351 737 2406 parvo,
978 2336 1012 2386 25

287 2448 357 2506 Nee
374 2452 489 2521 semper
504 2451 609 2519 longae
628 2450 741 2504 deditus
759 2451 815 2505 effe
832 2450 896 2505 viae
902 2470 915 2520 3

221 2549 278 2619 s'ed
297 2564 385 2618 Canis
403 2565 525 2619 aestivos
542 2572 625 2641 ortua
642 2565 734 2619 vitare
752 2564 803 2618 sub
820 2563 929 2618 umbra

287 2679 434 2749 Arboris,
459 2680 494 2734 ad
511 2682 609 2735 rivum
624 2680 836 2752 praetereuntis
853 2696 960 2752 aquae.

175 2866 177 2873 Ι
220 2796 289 2855 Nee
305 2807 404 2853 tamen
421 2799 569 2854 interdum
586 2799 693 2871 pudeat
709 2798 827 2853 tenuiffe
844 2797 1008 2865 bidentem5

286 2917 348 2969 Aut
364 2915 478 2970 stimulo
497 2916 598 2971 tardos
612 2914 781 2986 increpuisse
793 2912 901 2969 boves.
976 2916 1011 2967 30
1049 2973 1052 2978 ,

219 3032 293 3091 Non
310 3001 452 3101 agirmrive
466 3032 529 3087 finu
543 3036 639 3105 pigeat
653 3034 804 3088 foetumve
818 3033 948 3104 capellae
1036 3033 1057 3105 J

285 3151 466 3223 Desertum,
484 3153 573 3211 oblita
589 3161 701 3222 matre,
724 3155 837 3211 referre
854 3153 992 3209 domum.
