2209 3892
337 301 539 361 Enecrn
578 300 634 358 VI.
827 310 877 363 133

84 468 143 527 Hei
159 469 248 525 mihi!
266 467 378 525 difficile
396 471 453 539 est,
476 470 580 525 imitari
597 469 700 542 gaudia
718 470 804 541 salsa3

154 584 287 643 Difficile
306 586 371 653 est,
389 586 456 640 tristi
475 584 584 655 fingere
601 594 701 639 mente
712 584 831 655 jocum.
856 617 862 626 ·

88 699 159 759 Nec
176 699 252 755 bene
269 700 404 756 mendaci
421 701 493 756 risus
511 700 700 771 componitur
717 713 787 767 ore3
848 700 884 754 35

96 785 99 792 ⁴
154 812 224 869 Nec
240 813 317 867 bene
335 812 462 896 sollicitis
480 778 562 867 ebria
578 813 669 868 verbe
686 816 798 869 sonant.

19 971 20 974 η
89 925 171 1003 Quid
189 944 300 999 queror
317 927 441 983 infelix?
457 927 589 999 Turpes,
606 929 761 998 discedite,
779 944 880 984 curae.

72 1023 78 1036 ¹
155 1042 228 1098 Odit
244 1041 381 1100 Lenaeus
398 1043 483 1097 tristia
500 1042 594 1097 verba
611 1051 703 1116 pater.

89 1157 200 1216 Guntia
209 1199 220 1228 ,
236 1158 369 1214 Theseae
387 1159 538 1232 quondam
556 1160 683 1232 perjuria
700 1158 814 1229 linguae

155 1274 267 1330 Flevisti
285 1275 383 1344 ignoto
402 1276 459 1330 sola
477 1274 578 1330 relicta
596 1276 689 1346 mari3
846 1269 881 1330 do

34 1449 38 1456 ,
88 1360 148 1445 sed
164 1390 269 1445 cecinit
285 1408 340 1463 pro
358 1398 387 1446 te
405 1391 528 1462 doctus,
553 1391 670 1461 Minoi,
698 1392 849 1461 Catullus,

156 1509 266 1580 Ingrati
284 1508 416 1566 reserens
432 1512 520 1584 impie
538 1512 612 1586 faeta
628 1512 696 1566 viri.

90 1624 154 1682 Vos
171 1644 227 1697 ego
245 1645 326 1683 nunc
341 1645 469 1683 moneo:
504 1627 609 1695 Felix,
640 1627 809 1697 quicunque
827 1623 884 1679 do-

494 1740 560 1795 lore

155 1856 289 1910 Alterius
307 1855 396 1910 disces
415 1854 494 1927 posse
511 1870 619 1910 cavere
637 1862 732 1910 tuum.

93 1967 160 2026 Nec
176 1986 234 2026 vos
252 1977 301 2024 aut
317 1972 432 2042 capiant
437 1970 597 2046 pendentia
608 1969 728 2024 brachia
741 1969 834 2039 collo,
850 1962 884 2023 45

157 2087 220 2141 Aut
236 2085 316 2139 fallat
331 2085 440 2140 blanda
450 2084 570 2157 ¹sordida
586 2083 683 2154 lingua
699 2100 801 2156 prece.

94 2195 152 2253 Etfi
171 2213 283 2272 perque
300 2199 368 2253 suos
386 2199 475 2253 fallax
485 2198 593 2268 jurarit
610 2198 742 2265 ocellos,

158 2312 373 2384 Junonemque
387 2314 478 2380 suum,
496 2327 610 2383 perque
622 2313 702 2365 suam
719 2310 884 2367 Venerem:

95 2429 184 2486 Nulla
201 2430 275 2486 fides
293 2432 397 2486 fuerit!
427 2430 564 2501 Perjuria
581 2430 655 2485 ridet
672 2438 819 2484 amantum

158 2546 295 2619 Jupiter,
313 2555 342 2601 e't
358 2555 464 2601 ventos
483 2545 563 2602 irrite
579 2547 658 2601 serre
669 2546 769 2615 jubet.
850 2548 886 2602 50

74 2710 75 2714 ,
95 2659 175 2731 Ergo
194 2661 263 2734 quid
280 2660 515 2722 totiensfallacis
531 2668 600 2716 vota
618 2661 732 2733 puellae

161 2777 361 2848 Conqueror?
378 2775 422 2832 Ite
441 2794 457 2831 a
474 2794 535 2845 me,
554 2776 627 2831 seria
644 2777 751 2842 verba,
769 2775 886 2848 procul.

20 2933 21 2996 p
98 2892 198 2969 Quam
225 2893 334 2947 vellem
358 2900 458 2947 tecum
485 2891 589 2958 longas
617 2881 802 2959 requiescere
828 2904 886 2941 no·

483 3015 581 3075 =ctes,

47 3155 60 3197 χ
163 3121 203 3183 Et
218 3131 317 3178 tecum
334 3122 441 3191 longos
457 3120 632 3194 pervigilare
649 3120 726 3177 dies!
